3158 5122
698 280 917 347 ..21-

220 499 366 562 cumque
398 478 487 542 enim
511 477 709 542 incisionem
732 479 884 556 iacimus,
909 484 1036 543 restant
1058 479 1094 542 in
1111 483 1253 565 utraque
1277 479 1388 544 collec-

219 585 310 649 tione
334 585 500 670 quaedam
517 584 667 661 disticha,
693 606 779 670 quae
803 586 838 649 in
863 585 978 650 eodem
999 585 1124 670 sylloge
1148 584 1199 650 bis
1221 586 1387 671 leguntur.

217 681 430 777 Non'igitur
453 691 516 758 viri
548 691 645 770 docti,
678 692 737 776 qui
769 693 832 757 hoc
862 691 962 757 modo
985 714 1145 758 versuum
1177 693 1408 779 repetitiones¹

217 799 385 884 explicare
409 797 554 876 student,
580 799 672 883 quod
703 799 823 864 volunt
845 805 1080 884 assequuntur,
1103 800 1176 886 nisi
1207 801 1290 864 torte
1320 821 1389 865 non

217 927 261 970 ex
292 904 423 970 duobus
441 975 443 979 μ
460 905 517 970 sed
550 927 591 969 ex
623 905 851 991 compluribus
882 906 1050 989 florilegiis
1080 912 1234 971 nostrum
1265 905 1388 970 librum

217 1012 383 1078 coaluisse
408 1019 569 1078 statuunt.
607 1013 641 1077 Si
659 1014 880 1078 enimomnes
896 1014 931 1076 in
949 1013 1065 1077 eadem
1089 1013 1282 1078 collectione
1299 1035 1388 1098 repe-

217 1119 354 1184 titiones
378 1141 548 1185 removere
572 1120 740 1195 volumus,
764 1121 881 1185 incisio
905 1120 1059 1185 iacienda
1087 1126 1136 1184 est
1158 1121 1246 1184 inter
1268 1142 1299 1185 v.
1325 1122 1390 1185 210

215 1233 252 1291 et
274 1250 305 1292 v.
331 1228 432 1313 3321),
464 1227 612 1292 secunda
630 1228 718 1292 inter
749 1228 870 1292 81401
897 1228 989 1306 1038,
1015 1228 1113 1292 tertia
1134 1227 1221 1292 inter
1249 1229 1331 1293 1096
1357 1234 1389 1293 et

219 1333 343 1418 11602).
373 1334 519 1411 Accedit,
537 1334 629 1419 quod
645 1356 752 1399 unum
766 1334 931 1399 distichon
950 1341 998 1398 ter
1014 1335 1049 1398 in
1066 1334 1149 1398 libro
1163 1344 1197 1400 A
1208 1333 1388 1415 occurritl)

215 1441 315 1517 Quae
331 1463 399 1506 uno
424 1463 475 1506 res
491 1463 552 1506 nos
569 1446 709 1525 cogeret,
733 1448 771 1505 ut
787 1463 828 1506 ex
844 1441 950 1506 tribus
967 1440 1217 1506 collectionibus
1235 1448 1388 1506 nostrum

213 1547 342 1612 librum
366 1548 589 1634 compositum
614 1570 685 1612 esse
709 1553 903 1614 statuamus

791 1675 817 1722 0.

329 1762 499 1839 Quoniam
523 1763 570 1827 sic
593 1784 655 1827 nec
679 1762 859 1827 Nietzschii
884 1764 1049 1827 sententia
1072 1784 1134 1827 nec
1157 1763 1229 1841 hac,
1256 1762 1297 1828 de
1321 1785 1389 1848 qua

212 1869 329 1936 adhuc
353 1870 492 1955 egimus,
518 1869 741 1954 plurimorum
764 1870 915 1935 virorum
939 1870 1113 1934 doctorum
1147 1872 1273 1934 ratione
1305 1871 1387 1934 diffi-

212 1977 386 2055 cultatem,
404 1999 507 2063 quam
525 1976 687 2061 praebent
702 1998 819 2042 versus
837 1977 977 2062 repetiti,
1003 1976 1139 2069 dissolvi
1162 1999 1259 2062 posse
1283 1983 1388 2042 osten·
1420 1974 1421 1977 '

212 2085 340 2162 dimus,
353 2085 421 2148 iam
434 2084 575 2161 tertiam,
590 2106 676 2168 quae
690 2085 818 2168 reliqna
831 2090 889 2161 est,
904 2084 1104 2148 seutentiam
1117 2083 1157 2147 de
1171 2083 1222 2147 his
1235 2084 1387 2149 versibus
1408 2095 1411 2099 ’

212 2191 460 2271 examinemus,
478 2213 581 2276 quam
595 2191 732 2276 protulit
743 2192 787 2255 H.
801 2191 927 2256 Jordan
943 2191 978 2253 in
995 2190 1247 2275 quaestionibus
1262 2191 1388 2276 Theog-

212 2298 327 2363 nideis
341 2299 532 2383 praemissis
548 2297 652 2362 indici
668 2297 849 2362 lectionum
870 2297 1102 2363 Universitatis
1121 2298 1387 2382 Regimontanae

215 2405 373 2479 1885l86.
421 2405 488 2481 011
511 2406 563 2471 vir
594 2405 711 2470 doetus
740 2404 893 2469 codicum
927 2404 1094 2483 lectiones
1127 2426 1213 2490 quae
1242 2412 1321 2470 sunt
1349 2406 1385 2471 in

209 2511 1385 2600 versibusrepetitisaccuratissimeperlustransinveniteassaepissime

209 2620 303 2684 inter
326 2640 360 2684 se
384 2618 516 2683 differre
534 2625 566 2683 et
581 2619 687 2683 multe
713 2619 840 2704 peiores
856 2640 927 2682 esse
943 2618 1143 2704 plerumque
1159 2619 1199 2683 iis
1222 2619 1312 2695 loeis,
1327 2618 1385 2684 ubi

207 2748 331 2793 versus
354 2727 475 2790 iterum
492 2725 655 2810 legantur.
693 2727 769 2802 Qua
784 2748 825 2789 ex
842 2747 877 2789 re
901 2724 1070 2790 concludit
1086 2726 1138 2790 vir
1154 2726 1271 2790 doetus
1287 2727 1384 2791 inter-

208 2833 355 2920 polatori
378 2834 438 2898 has
455 2833 612 2898 lectiones
637 2833 759 2911 deberi,
786 2832 826 2897 de
843 2855 910 2918 quo
935 2854 1010 2918 pag.
1032 2833 1106 2897 151.
1126 2854 1152 2896 c.
1170 2833 1253 2897 haec
1269 2833 1383 2918 habet:

214 2947 407 3026 «praeterea
442 2940 618 3006 docuimus
654 2946 825 3005 auctorem
860 2941 981 3004 harum
1013 2940 1229 3004 iterationum
1266 2948 1384 3025 suopte

208 3047 352 3114 consilio
391 3070 497 3134 eoque
530 3048 675 3133 pessimo
700 3048 857 3112 traditam
892 3047 1151 3132 archetyporum
1185 3047 1384 3132 scripturam

207 3157 419 3233 immutasse,
445 3155 567 3240 partim
584 3155 652 3220 solo
668 3155 808 3219 ductum
825 3154 978 3220 variandi
995 3155 1136 3239 pruritu,
1154 3154 1277 3239 partim
1293 3155 1383 3239 quod

206 3264 451 3349 proprietatem
475 3262 715 3328 vocabulorum
739 3263 1059 3346 sententiarumque,
1089 3261 1199 3326 hebeti
1223 3260 1277 3325 ille
1293 3283 1383 3346 prae·

207 3370 303 3436 ditus
335 3391 444 3448 sensu
477 3370 707 3454 sermonisque
740 3369 938 3454 antiquioris
980 3390 1101 3453 parum
1128 3390 1264 3453 gnarus,
1296 3369 1383 3442 iusto

205 3477 326 3542 minus
349 3477 520 3541 intellexit.
567 3477 649 3540 Eius
673 3476 820 3540 hominis
852 3497 989 3561 operam
1020 3497 1198 3540 commune
1230 3476 1383 3540 omnium
1466 3464 1468 3471 ’

205 3584 366 3651 codicum
390 3585 604 3669 archetypon,
630 3582 721 3669 quod
745 3583 876 3648 saeculo
907 3581 1035 3647 decimo
1065 3582 1237 3667 antiquius
1270 3584 1379 3661 luerit,

204 3694 378 3774 integram
407 3691 596 3755 exhibuerit
619 3698 758 3776 oportet,
791 3689 1053 3775 repraesentavit
1076 3696 1195 3754 autem
1218 3689 1384 3774 integram

204 3801 238 3866 is
254 3776 354 3883 quem
361 3798 468 3862 solum
481 3797 628 3863 vidimus
637 3820 714 3863 curn
728 3797 792 3862 fide
804 3797 975 3882 archetypi
988 3797 1171 3881 imaginem
1180 3796 1381 3881 expressisse

206 3906 355 3991 scriptor
378 3904 453 3969 libri
478 3905 626 3990 parisini,
650 3905 751 3991 paulo
774 3905 990 3969 imminutam
1012 3903 1187 3969 vaticani«

204 4071 356 4080 -.-—-—-—-
365 4071 528 4076 -—--..-—...

319 4153 339 4222 ¹)
356 4156 400 4210 vel
418 4155 509 4224 potius
522 4155 594 4209 inter
613 4172 638 4210 1.
652 4159 702 4208 212
723 4161 751 4209 et
765 4158 825 4223 332,
845 4170 907 4206 nam
927 4169 988 4207 cum
1007 4171 1033 4210 v.
1053 4157 1176 4206 211-12
1190 4152 1262 4206 idem
1276 4152 1332 4207 sint
1351 4169 1383 4206 ac

203 4264 233 4303 v.
257 4249 388 4313 oea-10,
407 4244 460 4298 nisi
480 4260 523 4298 eos
542 4243 675 4312 prioribus
694 4243 876 4312 adiungimus,
895 4241 967 4296 inter
985 4259 1011 4296 v.
1032 4246 1083 4295 332
1103 4247 1131 4296 et
1150 4246 1200 4294 509
1228 4258 1324 4295 novam
1344 4241 1382 4295 in-

202 4334 338 4391 cisionem
357 4334 447 4388 facere
466 4334 594 4402 cogimur.

318 4421 340 4492 ²)
357 4424 401 4478 vel
422 4423 511 4490 potius
529 4429 590 4490 post
611 4426 687 4492 1106,
707 4439 768 4475 nam
788 4439 814 4480 v.
835 4426 955 4475 llos-e
974 4426 1135 4489 repetuntur
1152 4427 1214 4488 post
1236 4424 1309 4476 1164.

318 4511 340 4581 ⁸)
360 4529 385 4569 v.
404 4515 744 4566 err-ra=1rcs-e=
758 4517 826 4568 1104
845 4512 926 4580 g-h.
