3158 5122
673 301 950 366 ,44-

253 484 417 577 isocratis,
442 499 483 564 ad
510 499 677 564 Nicoclem
703 500 756 574 43,
781 520 881 583 quem
908 519 976 562 nna
1000 519 1076 561 cum
1102 497 1249 561 Platonis
1279 497 1355 562 loco
1380 497 1428 562 ai-

254 608 326 683 lerl,
356 607 497 693 scripsit,
523 629 601 670 riam
626 612 744 671 neuter
768 611 854 670 recte
878 604 979 670 verba
1003 604 1157 669 isocratis
1172 603 1363 689 percepisse
1379 604 1428 670 vi-

252 708 358 778 d'clur.
406 714 516 779 llacilc
541 714 630 778 cnim
654 714 848 798 quicunque
872 712 982 777 locum
1007 712 1194 776 accuratius
1227 711 1426 797 inspexerit,

252 828 430 906 cognoscet
443 820 593 899 Hesiodi,
608 820 823 906 Theognidis,
848 819 1039 905 l'hccylidis
1056 820 1146 904 poesi
1171 819 1296 904 opponi
1320 819 1426 905 scrip-

252 935 285 993 ta
309 928 451 993 aliorum
464 935 648 1014 poetarum,
663 950 703 993 cx
727 926 850 1012 quibus
874 927 1023 1013 singulas
1044 925 1226 992 sententias
1249 926 1426 1009 eligendas

251 1057 322 1100 csse
347 1036 507 1100 isocrates
532 1035 621 1100 dicit.
671 1035 840 1111 Quoniam
870 1035 972 1120 igitur
996 1034 1134 1099 omnino
1154 1034 1219 1099 hoc
1253 1033 1324 1099 loco
1350 1056 1424 1099 non

250 1150 370 1236 agatur
393 1141 433 1207 de
458 1142 617 1207 electione
642 1164 658 1207 e
682 1142 907 1227 Theognideis
930 1141 1093 1219 iacienda,
1118 1162 1180 1206 nee
1204 1141 1312 1226 Bergk
1330 1147 1424 1207 recte

250 1250 426 1315 conclusit:
456 1249 628 1314 »nondum
645 1250 719 1314 talis
736 1249 862 1334 sylloge
877 1248 1060 1326 exstabat«,
1078 1270 1139 1314 nec
1157 1248 1423 1314 Reitzensteinic

251 1356 463 1422 scribendum
489 1363 559 1422 erat
582 1379 613 1442 p.
641 1358 698 1421 71:
724 1357 835 1421 Wenn
852 1356 990 1442 jemand
1014 1377 1075 1421 aus
1092 1355 1230 1434 Hasiod‚
1248 1355 1423 1441 Theognis

250 1463 320 1528 und
346 1462 559 1550 Phokylides,
585 1464 708 1528 welche
740 1462 826 1528 doch
857 1463 1034 1548 allgemein
1058 1462 1111 1528 die
1142 1461 1257 1528 besten
1282 1463 1424 1528 Berater

250 1571 321 1635 liirs
346 1570 458 1636 chcn
482 1571 625 1648 hiessen,
650 1570 703 1635 die
728 1572 893 1647 Gnomen,
918 1571 988 1635 also
1012 1570 1065 1635 die
1081 1570 1304 1655 Kernpunkte
1328 1569 1424 1636 ihrer

249 1678 423 1763 llichtung
453 1678 634 1743 ausuahlte
660 1701 686 1743 e.
712 1701 743 1763 q.
770 1701 794 1743 s.
827 1678 977 1743 Conferri
1009 1684 1117 1762 potest
1144 1677 1199 1742 hic
1222 1676 1313 1741 locus
1338 1698 1420 1743 eum

248 1785 319 1851 loco
343 1785 518 1863 Athenaei,
544 1784 584 1850 de
614 1807 681 1871 quo
714 1807 788 1871 pag.
818 1786 877 1850 107
910 1806 987 1849 ann.
1017 1786 1042 1848 l.
1069 1785 1130 1869 egi,
1165 1784 1245 1870 quia
1272 1791 1421 1870 utroque

249 1915 318 1958 una
342 1915 418 1958 cum
444 1893 640 1978 Theognide
664 1892 833 1958 Hesiodus
857 1894 1004 1970 affertur,
1022 1892 1118 1977 quasi
1142 1890 1317 1975 utriusque
1342 1914 1420 1978 pce-

247 2000 292 2065 sis
306 2000 349 2066 sit
371 2022 461 2065 mere
486 2000 697 2065 sententiosa.
746 2001 929 2077 Quontiam
947 2006 1060 2064 autem
1085 1999 1208 2064 seimus
1225 1999 1418 2066 Hesiodum

145 2111 152 2123 ’
247 2129 315 2171 non
340 2107 447 2171 solum
474 2128 590 2172 versus
614 2107 842 2192 paraeneticos
866 2107 925 2172 scd
948 2107 1049 2171 etiam
1072 2106 1138 2171 alia
1162 2105 1310 2171 carmina
1340 2128 1419 2172 con-

246 2214 428 2298 scripsisse,
454 2236 495 2279 ex
518 2213 629 2280 verbis
653 2214 807 2279 isocratis
831 2214 917 2279 effici
950 2235 1019 2278 non
1052 2220 1161 2299 potest
1183 2213 1419 2298 Theognidem

246 2320 330 2384 nihil
353 2321 417 2385 nisi
442 2343 558 2387 versus
582 2321 812 2406 praeceptivus
840 2321 966 2386 iecisse.
1015 2321 1089 2386 Hoc
1122 2320 1230 2386 solum
1253 2320 1420 2405 'sequitur

245 2449 322 2493 cum
347 2429 428 2493 item
451 2435 552 2514 atque
577 2429 765 2494 Hesiodum
788 2429 852 2494 hoc
875 2450 996 2513 genere
1020 2428 1130 2514 poesis
1155 2448 1324 2492 summam
1347 2428 1417 2513 glo-

244 2536 328 2600 riam
354 2535 514 2621 adeptum
539 2558 619 2600 esse.
668 2535 734 2601 Sed
757 2535 855 2601 nobis
871 2557 949 2601 cum
966 2558 1034 2601 non
1059 2536 1102 2600 sit
1117 2535 1278 2621 quaestio,
1296 2541 1417 2602 utrum

246 2663 363 2707 versus
387 2643 540 2707 amatorii
563 2643 702 2728 genuini
727 2642 932 2729 Theognidis
964 2643 1031 2708 siut
1054 2663 1169 2720 necne,
1201 2642 1347 2728 amplius
1370 2643 1416 2710 de

243 2749 401 2814 hocloco
425 2771 523 2834 agere
547 2772 615 2815 non
639 2772 772 2816 necesse
797 2757 855 2816 est.

350 2875 520 2951 Quoniam
544 2876 590 2940 sic
614 2898 731 2941 omnes
761 2876 850 2941 locos
881 2877 1097 2962 antiquorum
1121 2876 1330 2961 scriptorum,
1351 2876 1414 2961 qui

235 2981 286 3045 'ad
316 3002 387 3046 rem
420 2981 517 3046 nobis
550 2983 756 3068 propositam
789 2983 1040 3048 diiudicandum
1075 2983 1215 3049 alicuius
1247 2983 1414 3049 momenti

242 3109 313 3152 csse
337 3088 400 3154 visi
424 3094 512 3168 sunt,
538 3088 824 3175 perlustravimus
842 3091 911 3155 iam
934 3091 997 3156 hoc
1021 3113 1081 3176 pro
1105 3096 1194 3156 certo
1218 3089 1283 3154 dici
1300 3095 1413 3174 potest

241 3194 372 3259 nullum
397 3216 512 3260 eorum
537 3195 667 3262 obstare
700 3198 883 3262 sententiae
915 3202 1047 3264 nostrae
1080 3197 1121 3263 de
1155 3197 1292 3274 ratione,
1322 3218 1412 3282 quae

240 3302 327 3368 inter
350 3301 451 3367 libros
476 3315 509 3370 A
532 3309 565 3368 et
587 3312 619 3369 B
639 3304 831 3370 intercedat.
