3158 5122
571 239 791 303 „13-

98 435 243 525 ,,Κύρνε“
267 435 303 499 10
319 456 478 500 versuum
495 456 685 499 connexum
702 441 834 520 recepta
849 455 904 499 eos
920 455 1036 500 versus
1060 455 1080 500 a
1104 456 1138 499 se
1155 436 1259 499 factos

96 563 168 606 esse
196 542 382 628 significare
405 541 559 620 voluisse,
585 563 663 606 cum
691 544 831 606 afferent
854 564 885 607 v.
915 542 953 605 19
968 563 1009 617 ss,
1035 563 1119 627 quos
1143 562 1259 607 versus

95 648 142 712 ita
165 649 212 713 illi
234 648 441 734 interpretati
474 655 562 726 sunt,
596 655 634 712 ut
664 648 812 713 dicerent
835 648 1037 714 vocabulum
1061 647 1166 737 Κύρνε
1189 669 1260 712 0000

95 755 179 819 illud
202 756 359 841 sigillum,
384 754 475 841 quod
498 762 596 841 poeta
618 755 770 820 versibus
799 756 1016 840 impositurus
1050 756 1100 820 sit.
1149 756 1258 832 Quam

96 863 297 927 sententiam
319 869 499 948 postquam
522 863 651 947 primus
667 863 879 946 Hartungius
895 862 1041 946 protulit,
1067 863 1123 927 alii
1146 862 1260 947 proba-

97 975 227 1046 verunt,
251 970 287 1033 in
311 968 434 1054 quibus
459 975 508 1033 est
531 969 697 1047 Sitnlerus
722 969 840 1055 quiin
864 968 1008 1033 editione
1033 991 1093 1033 sua
1116 969 1260 1054 scripsit3

98 1078 242 1165 ,,Κ(1ρνε“
274 1078 472 1166 σοφιζομένῳ
504 1098 530 1140 e.
563 1100 594 1162 q.
630 1099 652 1142 0.
702 1075 833 1153 Quibus
861 1076 1057 1142 adversatur
1089 1077 1197 1140 Hiller
1226 1077 1261 1140 iu

96 1183 208 1247 annal.
233 1183 313 1268 phil.
335 1184 416 1247 1881
442 1204 516 1268 pag.
535 1184 610 1260 472,
635 1183 693 1247 ubi
718 1183 924 1248 demonstrat
947 1183 1104 1268 sigillum,
1130 1183 1261 1268 dequo

97 1296 196 1375 poeta
208 1290 355 1375 loquitur
378 1311 449 1354 0000
472 1312 595 1355 000100
612 1290 816 1374 Theognidis
840 1290 954 1375 ipsius.
981 1291 1075 1366 Quae
1099 1291 1263 1355 sententia

97 1417 305 1482 quamquam
328 1397 412 1460 mihi
436 1418 570 1482 quoque
594 1396 767 1482 probanda
790 1419 860 1461 esse
883 1397 1024 1476 videtur,
1058 1403 1170 1462 tamen
1194 1419 1261 1461 non

96 1504 211 1567 miuus
234 1502 276 1568 ob
293 1525 410 1569 causas
435 1525 537 1589 supra
553 1503 668 1568 allatas
686 1525 801 1568 omnes
819 1504 950 1588 elegias,
975 1505 1010 1568 in
1035 1504 1158 1589 quibus
1181 1505 1263 1568 haec

97 1611 201 1697 Cyrni
214 1611 391 1695 appellatio
404 1611 555 1690 occurrit,
569 1610 773 1695 Theognidis
787 1632 857 1675 esse
881 1612 1034 1675 existimo
1053 1618 1085 1675 et
1097 1611 1264 1675 reicienda

97 1717 183 1781 mihi
199 1717 332 1782 videtur
348 1717 461 1802 opinio
477 1738 602 1796 eorum,
627 1717 685 1802 qui
703 1718 790 1782 0111.
809 1718 983 1782 Nietzsche
999 1718 1034 1782 in
1052 1719 1136 1781 11100.
1155 1718 1261 1781 Rhen.

98 1824 163 1889 vol.
181 1824 282 1887 XXII
306 1845 379 1909 pag.
401 1825 463 1888 186
483 1831 603 1908 putant
619 1845 741 1888 nomen
759 1824 861 1909 Cyrni
885 1823 927 1888 ab
952 1846 989 1888 eo
1014 1825 1071 1908 qui
1095 1824 1217 1888 librum
1236 1834 1266 1889 B

98 1931 340 2016 conscripserit,
364 1931 490 2016 insigni
520 1931 668 2016 quadam
699 1930 906 2016 malignitate
934 1931 1098 1995 insertum
1131 1953 1201 1995 esse
1229 1932 1264 1994 in

98 2043 293 2103 contextum
309 2038 498 2115 verborum,
524 2038 684 2122 quoniam
701 2037 838 2102 omnino
863 2060 931 2102 000
955 2037 995 2102 (10
1019 2038 1157 2122 parodia
1181 2039 1264 2122 cogi-

99 2144 241 2209 tandum
280 2166 350 2210 esse
390 2145 458 2209 ianr
491 2166 592 2230 supra
626 2166 700 2230 pag.
733 2146 782 2209 hs
818 2144 1052 2210 demonstravi.
1101 2145 1265 2209 Videmus

99 2251 202 2336 igitur
224 2252 311 2316 hanc
335 2273 438 2316 unam
455 2257 541 2316 certe
565 2251 705 2336 elegiam
722 2251 797 2315 libri
814 2261 845 2316 B
859 2273 975 2317 versus
1003 2253 1174 2316 1353-56
1192 2273 1265 2316 000-

102 2359 264 2422 1100010ῐο
297 2358 509 2423 tribuendam
545 2379 615 2423 csse
643 2358 839 2442 Theognidi.
898 2358 962 2422 Sed
998 2358 1173 2423 intercedit
1202 2359 1267 2422 alia
1344 2417 1345 2420 ,

102 2486 238 2550 quoque
262 2465 444 2530 similitudo
466 2465 553 2530 inter
576 2465 660 2529 duos
684 2472 813 2529 nostros
830 2464 940 2543 libros,
965 2487 1068 2550 quarn
1091 2466 1158 2529 iam
1176 2486 1266 2529 nunc

103 2571 285 2657 explicabo

210 2715 434 2782 Inveniuntur
441 2715 477 2779 in
485 2715 612 2782 libroA
626 2716 779 2780 nonnulli
796 2738 922 2794 versus,
940 2738 1024 2801 quos
1041 2714 1267 2802 a'lheognide

104 2844 175 2887 non
198 2824 301 2888 factos
326 2844 396 2888 esse
420 2823 600 2887 certissime
625 2829 762 2901 constat,
788 2823 869 2887 alios
891 2823 1074 2908 permultos
1093 2823 1155 2888 viri
1180 2822 1266 2886 docti

104 2936 241 3016 propter
255 2936 454 3016 argumenta
469 2930 522 2995 vol
538 2929 717 2996 verborum
734 2952 843 3006 usum,
861 2931 913 2996 vel
930 2931 1092 2994 rationem
1108 2951 1267 2994 versuum

104 3037 412 3122 componendorum
442 3036 572 3122 spurios
606 3058 676 3101 0000
713 3037 870 3122 suspicati
903 3044 989 3101 sunt.
1037 3036 1102 3101 Sed
1126 3058 1202 3100 cum
1228 3035 1268 3099 (10

104 3144 159 3208 his
183 3144 267 3207 nihil
290 3145 370 3208 certi
394 3143 459 3208 dici
475 3143 589 3228 possit,
615 3164 670 3208 cos
687 3144 773 3208 solos
786 3145 935 3222 afferam,
961 3145 1019 3228 qui
1043 3144 1139 3208 certis
1162 3144 1268 3228 poetis

104 3250 208 3316 tribui
231 3251 406 3339 possunr).

218 3394 256 3460 V.
282 3394 434 3487 935-38
475 3401 507 3459 et
537 3416 566 3460 v.
596 3395 745 3459 loca-e
775 3415 815 3458 ex
847 3394 972 3458 maiore
1005 3394 1110 3479 elegia
1136 3393 1270 3479 Tyrtaei

105 3503 234 3587 sumpti
258 3507 345 3580 sunt,
374 3523 477 3586 quam
502 3501 663 3567 Stobacus
690 3502 759 3566 flor.
785 3501 838 3579 LI,
859 3503 875 3565 1
901 3508 933 3565 ot
955 3501 1040 3579 Ll,5
1071 3500 1205 3565 exhibet
1238 3506 1270 3564 et

105 3630 210 3695 quam
235 3629 255 3672 a
277 3608 420 3694 Tyrtaeo
450 3610 573 3674 factam
608 3630 679 3673 0000
702 3609 796 3673 Plato
819 3608 881 3693 leg.
906 3608 931 3686 I,
957 3609 1031 3686 6⁶29,
1057 3607 1113 3671 ubi
1136 3607 1269 3671 initium

106 3716 210 3781 huius
234 3715 390 3781 carminis
414 3716 543 3801 legitur,
567 3716 660 3782 testis
684 3722 741 3780 est.
779 3715 873 3790 Quae
903 3720 1014 3780 autem
1033 3735 1133 3778 causa
1160 3714 1269 3792 luerit,

106 3823 208 3889 curis
224 3823 283 3907 qui
299 3828 447 3887 nostram
465 3822 756 3907 Theognidcorum
773 3821 1000 3886 collectionem
1016 3820 1269 3898 consarcinavit,

106 3952 225 3997 versus
248 3931 379 3994 37--42
402 3931 503 3994 huius
520 3930 642 4013 elegiae
658 3930 733 4015 (hg.
766 3930 801 3991 12
817 3929 961 4014 Tyrtaei,
979 3928 1087 4013 Bergk
1110 3950 1142 4012 p.
1167 3927 1187 3991 1.
1204 3927 1269 3993 vol.

108 4039 143 4103 Il
167 4037 216 4102 ed.
240 4037 301 4124 IV)
325 4044 545 4102 commutaret
571 4043 603 4101 et
634 4037 668 4099 in
694 4041 822 4099 arctum
846 4034 1010 4121 redigeret
1039 4041 1071 4099 et
1100 4056 1160 4100 our
1193 4056 1288 4100 cum>

220 4358 240 4427 ¹)
259 4359 403 4413 lectionum
432 4358 612 4426 diversitates,
632 4357 665 4410 de
693 4356 790 4423 quibus
818 4356 875 4425 egit
893 4356 924 4410 F.
945 4356 1032 4410 Oauer
1050 4355 1121 4408 Phil.
1143 4360 1185 4423 la,
1208 4371 1270 4422 pag.

111 4455 163 4504 662
175 4466 210 4518 00,
223 4448 286 4516 quia
296 4448 401 4516 adrem,
412 4464 492 4514 quam
505 4447 570 4500 mihi
582 4448 749 4500 tractandam
760 4446 893 4515 proposui,
908 4445 977 4499 nihil
989 4445 1090 4513 valent,
1103 4461 1155 4497 nou
1166 4444 1271 4498 curabo.
