3158 5122
585 299 807 364 ‚19-

115 492 300 578 wiohtigste
331 515 399 558 war
422 495 477 558 1111
507 495 566 558 11111
598 494 657 560 (101
684 503 875 581 ungestorte
908 498 1005 563 Fluss
1041 500 1106 598 des·
1136 501 1284 580 Gauron,

115 599 182 664 den
206 601 278 665 eine
302 601 566 686 Wiederholung
589 603 682 668 nicht
705 604 916 681 unterbraoh,
942 606 1008 670 den
1031 608 1086 671 ein
1110 608 1283 673 iehleudes

114 707 291 773 Stichwort
313 710 438 774 0011100.
488 709 522 774 si
546 710 637 774 enim
660 711 707 775 ita
730 732 782 776 res
806 733 840 777 00
863 711 1008 792 haberet,
1034 721 1071 778 ut
1094 714 1136 779 ab
1160 737 1208 793 eo,
1226 716 1285 800 qui

114 814 237 879 librum
262 824 297 882 A
318 817 515 902 composuit,
552 817 694 882 disticha
728 819 868 904 repetita
901 819 944 885 ob
976 842 1049 885 eam
1078 844 1213 887 causam
1249 824 1283 886 in

114 928 244 987 textum
268 931 400 1009 recepta
423 926 499 1003 sint,
524 947 567 990 ne
590 925 834 991 desideraretur
856 927 939 992 illud
956 928 1167 1007 vocabulum,
1194 930 1284 1014 quod

113 1036 229 1094 nostra
256 1031 372 1117 lingua
403 1032 546 1097 dicimus
574 1033 799 1112 »Stiehwort«,
837 1035 1099 1119 exspectandum
1134 1044 1220 1101 esset
1248 1037 1283 1100 in

114 1136 272 1204 omnibus
306 1139 458 1205 versibus
501 1140 649 1226 repetitis
684 1141 792 1205 inesse
828 1141 910 1206 illud
946 1142 1159 1222 vocabulum,
1193 1144 1285 1228 quod

112 1246 204 1311 idem
227 1246 430 1312 vocabulum
455 1247 681 1312 antecedentis
705 1255 764 1313 aut
787 1250 958 1333 sequentis
983 1251 1106 1334 elegiae
1131 1251 1282 1336 excipiat.

114 1355 226 1430 Quam
258 1376 329 1419 rem
360 1355 499 1419 minime
530 1355 577 1419 ita
600 1376 634 1419 se
669 1354 792 1420 habere
817 1356 985 1421 Fritzsclre
1009 1357 1126 1421 Philol.
1153 1358 1215 1423 vol.
1241 1360 1283 1422 29

112 1483 188 1548 pag.
214 1463 277 1527 531
303 1484 380 1527 ann.
407 1464 426 1525 2
450 1463 575 1546 optime
599 1463 753 1548 exposuit
810 1462 948 1527 Accedit
970 1464 1005 1527 id
1028 1486 1172 1550 quoque,
1193 1465 1283 1549 quod

111 1569 196 1634 dum
219 1571 254 1634 in
278 1569 387 1655 priore
411 1575 504 1654 parte
527 1568 603 1634 libri
619 1578 654 1636 A
675 1570 887 1654 repetitiones
911 1571 991 1634 satis
1014 1592 1107 1635 rarae
1131 1578 1219 1650 sunt,
1236 1573 1283 1636 111-

112 1683 165 1741 110
176 1699 207 1743 v.
225 1677 307 1742 1038
321 1683 353 1742 01
368 1677 452 1741 11811
465 1697 534 1741 non
546 1677 659 1741 minus
673 1698 776 1761 quam
789 1678 831 1742 59
844 1698 960 1742 versus
973 1678 1103 1763 repetiti
1116 1679 1281 1764 leguntur.
1378 1666 1381 1670 ⁵

679 1895 713 1960 11.

222 2015 333 2092 Quam
358 2015 400 2080 ab
436 2037 507 2081 rem
540 2017 737 2082 recentiores
772 2017 836 2084 viri
871 2017 959 2081 docti
994 2024 1080 2083 recte
1103 2019 1283 2084 Nietzschii

111 2121 154 2188 de
177 2122 330 2188 versibus
354 2124 501 2209 repetitis
526 2125 726 2189 sententiam
749 2124 952 2189 reiciendum
986 2146 1056 2190 esse
1081 2134 1284 2191 censuerunt

110 2235 145 2295 et
157 2230 252 2295 aliter
264 2230 494 2297 difficultatem
507 2232 619 2296 tollere
633 2232 843 2308 studuerunt,
859 2252 935 2295 cum
949 2253 990 2296 011
1003 2231 1134 2296 duabus
1147 2233 1282 2319 syllogis

110 2344 262 2403 nostram
285 2339 514 2405 collectionem
546 2338 707 2405 coaluisse
732 2338 887 2404 dicerent.
937 2339 1048 2415 Quam
1083 2341 1282 2404 sententiam

112 2445 243 2531 primus
266 2453 431 2532 quantum
457 2448 534 2525 scio,
552 2447 596 2511 H.
615 2447 846 2512 Schneidewin
870 2447 906 2509 in
930 2445 1170 2519 dissertatione,
1196 2469 1282 2532 quae

111 2552 321 2618 inscribitur:
340 2554 380 2618 de
398 2555 533 2640 syllogis
550 2554 774 2639 Theognideis
790 2553 1014 2640 (Argentorati
1035 2553 1129 2640 1878)
1146 2554 1281 2619 uberius

112 2659 330 2746 comprobare
354 2661 490 2726 studuit.
511 2661 570 2747 qui
592 2682 667 2746 pag.
695 2663 745 2725 11.
763 2661 782 2725 l.
800 2681 827 2726 0.
842 2661 939 2725 dicit:
957 2660 1043 2724 inter
1066 2682 1200 2727 versum
1218 2662 1281 2725 878

112 2774 145 2832 01
172 2769 254 2833 1038
282 2790 390 2834 novae
420 2768 622 2834 collectionis
646 2769 779 2832 initium
808 2768 1032 2833 intercessisse
1061 2767 1280 2852 suspicamur.

111 2875 318 2943 Retractavit
340 2883 456 2962 postea
479 2877 566 2941 hanc
590 2876 822 2961 quaestionem
846 2876 884 2940 G.
900 2874 1111 2939 Studemund
1135 2875 1169 2938 in
1194 2896 1279 2939 corn-

112 2982 316 3048 mentatione
345 2985 528 3069 praemissa
560 2983 663 3048 indici
692 2983 873 3048 lectionum
906 2982 1132 3047 universitatis
1157 2982 1280 3047 Vratis-

111 3090 270 3155 laviensis
297 3091 450 3170 1889190,
475 3092 571 3156 0111110
595 3091 795 3156 sententiam
819 3090 1006 3155 accuratius
1037 3089 1277 3154 examinemus.

219 3216 320 3282 Putat
342 3217 393 3282 vir
417 3216 533 3281 doctus
557 3222 709 3281 nostrum
733 3215 856 3280 librum
880 3225 914 3282 A
937 3215 1043 3279 redire
1067 3214 1109 3279 ad
1134 3215 1199 3279 duo
1223 3235 1278 3278 an·

111 3324 207 3409 tiqua
229 3324 389 3409 florilegia
406 3331 437 3388 et
453 3323 650 3388 incisionem
667 3322 853 3388 faciendam
872 3343 942 3387 0000
959 3328 1035 3407 post
1050 3343 1185 3387 versum
1202 3322 1274 3386 932.

110 3429 272 3495 Nostrum
296 3436 409 3495 autem
433 3429 724 3515 Theognideorum
750 3429 873 3493 librum
897 3437 932 3495 A
958 3429 1161 3493 continuisse
1185 3435 1276 3513 quat-

110 3543 187 3602 tuor
212 3537 389 3622 quiniones
429 3537 499 3603 sive
534 3535 708 3615 πεντάδια,
745 3535 932 3621 exquibus
970 3542 1036 3599 tres
1072 3536 1164 3621 prius
1193 3537 1276 3600 tlori·

110 3645 236 3730 legium
274 3643 588 3729 comprehendisse
615 3650 773 3729 quartum
812 3643 855 3708 ad
879 3642 1042 3728 posterius
1077 3643 1276 3728 florilegium

109 3751 329 3837 pertinuisso3
355 3751 481 3836 cepisse
505 3757 616 3816 autern
642 3751 791 3835 singulas
827 3750 967 3835 paginas
992 3751 1166 3834 utriusque
1191 3750 1274 3814 flori·

108 3859 188 3945 legii
211 3880 308 3924 senos
333 3859 436 3923 denos
459 3879 584 3923 versus.
633 3856 858 3922 Continebant
873 3857 975 3942 igitur
999 3855 1184 3921 secundum
1202 3857 1274 3921 Stu-

107 3966 285 4032 demundii
300 3965 494 4050 opinionem
510 3971 668 4048 quattuor
691 3964 737 4028 illi
754 3964 913 4041 fasciculi,
946 3963 1053 4048 primo
1078 3963 1156 4027 lolio
1174 3965 1272 4047 primi

108 4073 281 4160 quiniouis
304 4073 347 4138 ad
370 4072 506 4136 titulum
542 4071 617 4135 libri
642 4070 883 4155 capessendum
907 4091 1014 4135 vacuo
1037 4068 1160 4148 relicto,
1191 4071 1272 4135 1248

107 4202 235 4247 versus.
283 4181 367 4245 Cum
391 4186 504 4244 autem
520 4179 556 4242 in
580 4178 705 4263 optimo
722 4177 833 4242 codice
857 4187 891 4244 A
913 4177 1273 4262 11100101122011010110

107 4287 264 4353 editionis
288 4287 494 4372 Bergkianao
518 4288 560 4351 36
584 4307 701 4351 versus
725 4284 854 4369 repetiti
879 4284 1042 4368 legantur,
1068 4305 1152 4369 quos
1176 4284 1272 4367 Berg-

107 4396 185 4460 kius
218 4395 339 4473 omisit,
383 4400 542 4480 quattuor
576 4392 718 4457 disticha
753 4392 891 4475 repetita
927 4398 1042 4476 postca
1079 4391 1113 4454 in
1149 4390 1271 4454 librum

107 4508 262 4568 nostrum
297 4502 467 4588 irrepsisse
502 4522 635 4565 necesse
660 4505 717 4563 est.
778 4498 877 4574 Quod
902 4496 1112 4641 Studenppnd
1136 4517 1271 4582 quoque
