3158 5122
682 286 881 352 ..6-

198 484 306 571 lange,
323 483 402 549 aber
415 484 470 550 Du
485 488 593 547 musst
610 482 703 548 nicht
718 483 780 547 mit
796 482 861 547 mir
872 481 1075 561 verkehren;
1092 481 1157 566 geh
1169 503 1210 545 zu
1226 480 1366 557 andern,

199 591 321 657 melche
357 590 443 655 Dich
466 589 761 674 Wankelmiitigen
804 587 916 654 besser
943 588 1109 653 kennen.“
1150 587 1286 673 Optime
1316 589 1368 655 vir

200 697 316 763 doctus
339 703 446 762 totum
471 696 710 761 sententiarum
728 717 894 761 conexum
917 695 1001 759 mihi
1025 695 1207 781 explicasse
1222 694 1366 774 videtur,

200 805 264 869 nisi
287 802 379 889 quod
402 824 477 869 mea
500 802 638 887 quidem
662 803 827 867 sententia
850 823 919 867 non
942 807 1029 867 recte
1046 802 1194 887 percepit
1217 807 1368 866 extrema

198 909 301 977 verba
317 909 453 975 secundi
471 908 603 974 distichi
621 914 657 976 ot*
667 905 725 977 τόν
741 911 800 977 σὸν
815 909 941 995 μᾶλλον
956 916 1042 977 ἴσασι
1065 910 1151 986 νόον,
1170 929 1249 973 cum
1265 930 1305 973 ea
1321 909 1366 974 sic

200 1022 324 1085 vertat:
345 1016 467 1082 welche
480 1015 565 1080 Dich
578 1015 873 1101 Wankelmiitigen
893 1014 1005 1081 besser
1020 1015 1164 1080 kennen.
1190 1014 1367 1091 Quomodo

201 1124 291 1189 enim
314 1130 412 1209 poeta
439 1121 547 1188 dicere
570 1127 695 1207 potest:
727 1123 841 1187 confer
864 1127 896 1187 te
922 1121 965 1187 ad
989 1122 1080 1200 alios,
1108 1122 1167 1206 qui
1194 1128 1225 1187 te
1254 1122 1366 1187 incon-

203 1236 347 1295 stantem
370 1229 489 1294 melius
512 1234 687 1306 noverunt,
713 1250 791 1294 cum
814 1227 955 1293 dubium
986 1250 1054 1293 non
1082 1229 1133 1307 sit,
1163 1229 1247 1314 quin
1270 1234 1368 1315 poeta

201 1336 428 1422 comparativo
451 1339 577 1423 μᾶλλον
600 1356 681 1401 usus
696 1334 738 1400 ad
755 1357 789 1400 se
806 1335 918 1421 ipsum
941 1335 1105 1421 respiciat,
1131 1336 1189 1420 qui
1213 1335 1366 1401 animum

201 1442 357 1508 mobilem
388 1443 483 1528 pueri
507 1463 615 1528 nuper
632 1448 788 1528 expertus
811 1442 883 1507 eius
900 1463 1048 1507 amorem
1066 1442 1216 1527 spernit?
1247 1442 1368 1508 Nonne

203 1571 319 1619 ornnes
343 1571 410 1634 quo
433 1550 552 1615 melius
576 1549 647 1614 eius
671 1549 930 1614 inconstantiam
945 1549 1171 1633 cognoverint,
1198 1570 1235 1614 eo
1259 1551 1368 1635 magis

202 1678 346 1742 puerum
369 1656 539 1742 aspernari
568 1676 701 1720 necesse
730 1656 807 1720 est?
852 1656 892 1721 ln
916 1656 1060 1720 similem
1087 1677 1231 1721 errorem
1260 1657 1369 1722 Cauer

201 1762 358 1828 incidisse
381 1762 523 1841 videtur,
557 1763 615 1847 qui
645 1762 664 1827 l.
690 1783 716 1827 o.
743 1783 818 1847 pag.
842 1763 906 1827 543
931 1761 1048 1827 eodem
1077 1764 1145 1828 lere
1177 1762 1277 1828 modo
1301 1784 1369 1848 quo

202 1869 427 1935 Reitzenstein
439 1891 470 1936 v.
483 1870 548 1934 598
560 1869 674 1936 vertit:
689 1868 849 1936 verkehre
865 1869 927 1935 mit
936 1867 1083 1934 anderen
1091 1869 1228 1947 Leuten,
1247 1870 1369 1935 welche

204 1977 334 2042 Deinen
359 1975 442 2040 Sinn
466 1975 578 2041 besser
600 1976 743 2041 kennen.
791 1975 1000 2041 Vertendum
1017 1983 1088 2041 erat
1109 1976 1369 2042 Reitzensteinio

203 2089 236 2148 et
251 2083 396 2152 Cauero:
417 2082 549 2148 Welche
574 2081 644 2147 sich
662 2082 773 2148 besser
796 2082 854 2147 auf
871 2082 977 2147 Deine
994 2082 1166 2148 Sinnesart
1182 2083 1367 2150 verstehen.

204 2189 372 2266 Quoniam
397 2190 444 2254 sic
468 2190 582 2254 omnia
605 2190 730 2275 optime
753 2189 840 2254 inter
864 2210 899 2254 se
922 2188 1099 2274 quadrant,
1123 2190 1208 2254 mihi
1232 2212 1369 2276 quoque

205 2295 373 2361 reicienda
387 2295 519 2362 videtur
536 2295 670 2381 Bergkii
687 2296 885 2374 coniectura,
911 2296 970 2380 qui
986 2317 1046 2381 pro
1070 2310 1134 2374 καί,
1161 2317 1371 2382 quamquam

206 2408 348 2487 utroque
360 2402 431 2468 loco
444 2401 597 2468 codicum
612 2402 790 2468 auctoritas
804 2402 891 2467 hanc
907 2401 1082 2468 lectionem
1094 2407 1215 2482 tuetur,
1227 2402 1371 2469 scribere

208 2509 314 2576 voluit
344 2527 415 2577 παῖ.
464 2508 529 2574 Sed
552 2509 620 2574 iam
650 2508 868 2594 inspiciamus
891 2508 1015 2574 librum
1039 2519 1077 2589 B,
1101 2509 1159 2574 ubi
1182 2531 1299 2577 versus
1323 2511 1370 2576 sic

208 2616 376 2681 immutati
399 2616 571 2701 leguntur:

366 2741 436 2828 Δὴν
459 2736 498 2825 δή
523 2751 579 2808 καὶ
602 2744 687 2821 φίλοι
713 2734 808 2826 ὦμεν·
833 2740 934 2808 ἔπειτ’
959 2740 1107 2810 ἄλλοισιν
1131 2738 1247 2828 ὅμίλει,

364 2840 448 2936 ἦθος
470 2847 554 2933 ἔχων
577 2849 695 2926 δόλιον,
720 2859 845 2927 πίστιος
868 2849 1058 2916 ἀντίτυπον.

314 2989 531 3075 Perspicuum
555 2990 639 3054 mihi
672 3011 743 3055 esse
766 2989 899 3055 videtur
931 2990 992 3056 has
1024 2992 1226 3057 mutationes
1257 2991 1370 3057 deberi

208 3097 346 3176 homini,
371 3096 429 3181 qui
453 3095 628 3175 distichon,
646 3096 737 3182 quod
760 3117 827 3163 av.
845 3098 998 3163 595-96
1022 3097 1210 3163 seiunctum
1233 3120 1371 3165 sensum

208 3226 277 3270 non
293 3203 473 3289 praeberet,
487 3203 533 3268 ita
556 3204 734 3269 immutare
751 3203 859 3282 vellet,
884 3209 922 3268 ut
944 3225 1003 3289 per
1026 3226 1060 3270 se
1084 3204 1231 3291 intellegi
1247 3213 1369 3291 posset.

209 3310 383 3376 Simillime
407 3309 447 3376 de
463 3310 526 3375 hoc
550 3309 691 3375 disticho
708 3310 816 3375 Oauer
831 3310 850 3374 l.
865 3330 892 3375 c.
911 3311 986 3396 egit,
1004 3333 1212 3397 quamquam
1228 3312 1370 3378 disticha

207 3410 328 3503 ¹prioris
344 3416 419 3481 libri
443 3417 537 3482 aliter
553 3417 788 3502 interpretatus
812 3423 862 3482 est
876 3438 914 3482 ao
931 3417 1164 3497 Reitzenstein,
1190 3440 1292 3504 quem
1308 3440 1369 3504 ego

210 3531 344 3590 secutus
368 3545 453 3588 sum.
501 3523 651 3589 Offendit
674 3530 786 3589 autem
810 3545 864 3589 me
887 3523 923 3588 in
946 3524 1066 3589 Caueri
1097 3525 1369 3611 interpretatione

209 3630 384 3717 imprimis,
401 3629 492 3716 quod
504 3629 607 3696 verba
623 3630 682 3719 δῆν
700 3632 742 3719 δή
757 3652 834 3695 cum
851 3630 1123 3697 antecedentibus
1135 3633 1370 3717 coniungenda

210 3760 281 3805 esse
307 3743 428 3816 censet,
458 3744 496 3802 ut
518 3737 573 3802 hic
600 3758 717 3803 sensus
741 3738 891 3804 eveniat:
929 3759 1062 3804 »ausser
1090 3737 1166 3804 dem
1190 3739 1368 3804 Reichtum

209 3845 295 3912 habe
318 3845 373 3911 ich
395 3846 431 3931 ja
453 3845 564 3930 ltngst
578 3845 641 3910 alle
657 3844 766 3930 Dinge
790 3850 884 3909 satt.<‹
916 3845 1000 3910 Mihi
1024 3867 1140 3912 versus
1156 3846 1220 3911 596
1237 3867 1256 3911 a
1272 3853 1370 3932 poeta

210 3976 278 4020 non
302 3952 427 4018 desua
457 3950 562 4036 ipsius
591 3951 696 4016 animi
726 3951 916 4018 conditione
951 3951 1009 4017 sed
1037 3953 1073 4017 in
1103 3953 1299 4019 universum
1328 3952 1368 4019 de

210 4059 334 4126 divitiis
358 4063 390 4124 et
404 4058 581 4123 hominum
604 4063 724 4123 natura
747 4057 855 4124 dictus
879 4079 949 4125 esse
964 4059 1114 4139 videtur;
1139 4060 1179 4125 cl.
1205 4059 1312 4125 simile
1328 4059 1369 4125 de

211 4166 335 4234 divitiis
357 4165 519 4231 iudicium
542 4164 578 4229 in
600 4187 632 4231 v.
657 4166 720 4229 227
734 4187 775 4230 ss.
801 4171 834 4231 et
859 4166 941 4231 1157
955 4187 996 4232 ss.
1043 4165 1234 4251 Utcumque
1258 4188 1310 4232 res
1334 4188 1369 4232 se

210 4272 320 4353 habet,
349 4293 448 4338 nemo
476 4278 563 4338 certe
593 4271 729 4359 negabit
760 4273 796 4337 in
818 4272 902 4339 libro
926 4282 960 4341 A
981 4273 1164 4359 genuinam
1193 4273 1369 4339 lectionem

212 4379 344 4469 distichi
368 4386 531 4446 servatam
557 4401 627 4446 esse
651 4386 684 4446 et
705 4380 889 4446 arctissime
908 4380 944 4445 in
968 4401 1005 4446 eo
1029 4379 1112 4445 libro
1136 4379 1311 4461 distichon,
1328 4379 1369 4450 de

211 4509 278 4575 quo
301 4487 442 4583 agimus
466 4507 544 4551 cum
567 4486 781 4555 antecedente
805 4487 1021 4557 coniunctum
1045 4508 1123 4555 esse.
