3158 5122
685 260 905 325 ..26-

208 458 294 522 din-ti
320 459 477 544 ‹miniani›
495 457 712 522 indiunnunn
730 480 801 523 esse
826 464 906 542 puto
923 478 1025 543 quam
1042 455 1083 521 de
1100 476 1261 540 ecquam
1278 473 1384 539 supra

208 567 312 629 attuli.
361 567 425 630 Sed
451 568 515 630 iam
543 567 623 630 hunc
648 574 682 629 nt
708 566 787 630 satis
812 571 951 630 tractata
974 564 1157 629 mittamus,

317 692 363 755 n·
389 691 538 756 versibus
556 692 719 759 367---es
745 692 802 776 qui
821 698 895 776 post
917 691 1001 754 1184
1019 695 1225 775 repetuntur,
1250 685 1380 753 Jordan

207 809 236 862 u
263 802 371 863 t'ainn·
394 799 605 871 «timentium,
641 821 717 863 euni
754 799 808 863 ille
843 798 961 884 priore,
1000 797 1054 861 hic
1089 795 1272 882 posteriore
1307 795 1380 860 loco

206 907 388 986 genunium
428 907 601 971 tectionem
639 913 750 971 extare
786 904 975 971 contendat.
1035 904 1104 969 Nec
1129 904 1245 987 negari
1270 909 1382 987 potest

207 1021 404 1093 aimundum
429 1037 448 1077 a
473 1018 601 1078 (¹anero
625 1014 725 1078 allata
749 1013 890 1077 alicuius
906 1012 1068 1077 momenti
1093 1032 1173 1076 csse.
1222 1009 1291 1074 Sed
1316 1010 1380 1074 hoc

207 1120 288 1183 mihi
326 1121 376 1184 vii·
412 1120 528 1185 docms
565 1122 750 1201 neglexisse
786 1119 928 1197 videtur,
963 1119 1054 1204 quod
1088 1117 1271 1204 posteriore
1307 1118 1380 1183 loco

209 1226 374 1291 ‹lidichon
401 1250 460 1291 nu·
485 1250 560 1292 cuni
587 1227 861 1292 antecedentibus
885 1248 946 1290 nec
963 1248 1040 1291 cnm
1065 1224 1285 1310 sequentibus
1310 1224 1380 1289 uilo

208 1334 306 1397 inodo
343 1335 535 1417 untrained),
562 1336 670 1420 priore
705 1341 817 1399 autom
854 1335 925 1399 loco
961 1355 1037 1398 cuni
1074 1338 1235 1417 sequente
1271 1353 1379 1396 nniun

208 1442 345 1521 elegiam
384 1444 493 1506 eflicit.
555 1443 705 1507 Dubitari
731 1442 833 1525 igitur
867 1463 933 1505 non
959 1447 1076 1526 potest,
1101 1440 1184 1525 quin
1207 1438 1380 1504 distichon

208 1571 227 1612 v
264 1550 360 1612 :idi--
377 1555 419 1615 cs
443 1551 627 1631 gcnuhnnn
655 1551 763 1614 locum
788 1549 844 1612 obt
847 1549 944 1613 ineat

314 1693 641 1757 ini-‹initiantu-
643 1695 696 1757 10
700 1692 1178 1777 ,quiinnnutatilecurruntv
1135 1692 1330 1755 11161-
1336 1691 1379 1755 62

205 1799 330 1863 ‚Jordan
357 1823 422 1863 non
449 1801 525 1881 egit,
551 1804 659 1865 t'aiui·
683 1801 701 1864 1.
720 1824 746 1864 (·.
774 1823 848 1885 pag.
867 1800 1020 1864 tarsa
1008 1797 1178 1883 ti'tergk
1170 1820 1246 1862 m
1229 1797 1379 1863 editione

208 1906 343 1971 uberius
368 1907 605 1972 disseruerunt.
637 1930 779 1993 <imnum
815 1907 868 1971 itte
893 1906 1011 1971 collatu
1035 1928 1073 1970 ca
1097 1905 1230 1969 distichi
1254 1906 1377 1983 forma,

206 2036 292 2099 quae
316 2014 407 2100 apud
424 2015 603 2079 Stntnieuni
629 2017 757 2097 legitur,
784 2036 897 2080 veram
926 2014 1101 2079 lectionem
1118 2011 1180 2077 sibi
1204 2012 1378 2078 invenisse

207 2122 349 2199 videtur,
376 2123 428 2185 liii·
454 2123 560 2208 priore
592 2124 663 2186 liuzo
697 2122 881 2203 germinam
917 2121 1093 2186 lectionem
1129 2127 1240 2185 extare
1265 2127 1375 2204 putat.

116 2253 119 2257 ·
207 2234 412 2305 (inararem
439 2252 514 2294 cum
552 2230 706 2315 equidem
744 2229 926 2294 diiudicare
954 2251 1022 2292 non
1046 2227 1200 2305 audeam,
1224 2227 1288 2292 hoc
1313 2235 1377 2292 sta-

206 2344 297 2400 tuere
334 2338 412 2400 satis
448 2337 509 2401 erit
544 2360 659 2402 versus
694 2338 848 2402 iou-tu
883 2358 1020 2400 sensum
1055 2334 1222 2420 praebere,
1256 2356 1378 2400 versus

208 2447 218 2506 1
231 2446 331 2507 inl
338 2447 379 2507 (52
404 2445 542 2508 omnino
559 2445 670 2510 intelle
654 2445 704 2525 egi
722 2468 788 2508 non
808 2466 961 2529 possai
939 2442 1030 2528 quod
1049 2464 1090 2507 ne
1107 2442 1215 2507 Caucr
1231 2441 1374 2527 quidem

204 2559 313 2632 nunti
363 2557 439 2628 t·iut
463 2552 503 2616 de
527 2576 552 2616 c·
546 2574 628 2616 uisa
645 2560 730 2637 posti
721 2553 847 2616 minim
852 2576 860 2615 1
838 2552 988 2616 rlooum
1005 2573 1044 2615 ex
1069 2551 1178 2635 priore
1203 2549 1310 2614 dett
1244 2555 1310 2613 ttor
1311 2571 1374 2613 um

204 2680 275 2722 esso
300 2659 507 2736 crediderim
545 2659 602 2724 sed
638 2660 701 2724 hoo
725 2659 870 2724 concedo
902 2659 981 2722 olim
1005 2658 1115 2744 priore
1139 2678 1274 2742 quoque
1296 2656 1374 2721 loco

202 2765 303 2829 atiani
328 2766 504 2830 lectionem
528 2767 562 2830 in
597 2767 779 2852 archetypo
807 2767 919 2844 fuisse,
945 2788 985 2831 ex
1015 2787 1083 2850 qua
1106 2772 1138 2830 ct
1161 2787 1192 2831 v.
1217 2765 1376 2830 409-10

202 2880 233 2936 nt
259 2896 287 2937 v.
309 2875 480 2938 llel--ea
498 2874 655 2938 {iruerint
696 2874 736 2938 ln
752 2873 904 2939 versibus
921 2875 1083 2952 555-56,
1101 2873 1160 2958 qui
1176 2878 1377 2957 repetuntur

204 2988 277 3063 post
305 2981 397 3058 1178,
425 2983 531 3065 priore
568 2981 638 3046 loco
674 2982 857 3063 genuinam
892 2981 1067 3045 lectionem
1092 2986 1221 3045 exstare
1244 2977 1376 3044 Jordan

201 3093 234 3151 ct
258 3088 365 3152 (turer
388 3089 610 3165 consentiunt,
651 3111 795 3172 uirorum
831 3088 1038 3173 argumentis
1071 3087 1154 3151 nihil
1178 3084 1376 3151 addendum

206 3216 277 3259 csso
302 3202 392 3279 puto

308 3321 433 3385 Versus
457 3323 624 3399 571--72,
662 3323 719 3407 qui
757 3328 832 3406 post
870 3322 954 3387 1104
990 3327 1194 3406 repetuntur,
1230 3326 1377 3404 utroque

201 3428 272 3491 loco
296 3428 385 3492 idem
417 3436 505 3506 sunt,
531 3431 595 3495 nisi
620 3429 711 3515 quod
728 3429 909 3515 posteriorc
933 3430 1005 3494 loco
1029 3429 1063 3493 in
1081 3433 1289 3514 pentametro
1314 3449 1379 3511 pro

308 3765 330 3833 t)
349 3769 416 3822 Cum
446 3770 623 3822 antecedente
653 3768 768 3822 disticho
796 3784 821 3820 v.
854 3771 992 3820 uss-84

416 3856 525 3922 eddeva,
561 3856 655 3928 Kuff,
684 3856 767 3926 αὐγαὶ
787 3853 986 3926 φαεσιμβρότου
1006 3855 1103 3921 ἠελίοιο

414 3947 491 4017 ἄνδρ’
515 3949 639 4017 hirocinii,
660 3937 681 4018 qt
700 3944 736 4017 μή
756 3952 853 4017 μῶμος
872 3947 1046 4017 ἐπικρέμαται

199 4037 354 4090 Brunckins
374 4055 397 4094 v.
419 4042 541 4091 367-68
564 4037 727 4103 coniungere
747 4036 841 4105 voluit,
863 4037 932 4101 quod
951 4036 1010 4089 fieri
1029 4053 1082 4090 non
1101 4043 1198 4103 potest.
1236 4036 1380 4105 Quomodo

199 4125 270 4178 enini
291 4136 369 4191 poeta
388 4137 529 4194 postquam
549 4127 634 4180 dixit:
656 4143 733 4180 nemo
753 4128 786 4181 ab
814 4126 885 4178 omni
906 4125 1106 4192 vituperatione
1125 4142 1226 4181 vacuus
1245 4133 1294 4191 est,
1315 4141 1376 4191 per·

200 4233 263 4283 gere
283 4223 384 4282 potest:
405 4218 452 4270 sed
472 4217 573 4270 civium
601 4216 703 4269 animos
734 4233 785 4269 non
813 4215 946 4284 intelligo,
976 4215 1073 4282 quibus
1103 4232 1152 4269 nec
1170 4213 1308 4269 beneficiis
1327 4220 1381 4267 ness

200 4306 339 4360 maleficiis
359 4308 464 4373 placere
484 4322 599 4373 possum.
637 4305 683 4360 Sic
702 4306 727 4359 ei
746 4305 768 4358 si
789 4305 895 4358 omnino
915 4306 981 4358 haec
1001 4306 1052 4358 duo
1072 4304 1188 4358 disticha
1213 4304 1378 4372 coniungere

201 4397 317 4464 volebat,
338 4395 508 4449 scribendum
530 4403 602 4449 erat:
623 4395 708 4449 Nemo
728 4395 928 4462 vituperatione
950 4404 1038 4460 vacat,
1058 4394 1098 4448 sic
1116 4410 1157 4448 me
1178 4411 1282 4461 quoque
1301 4394 1377 4450 cives

203 4485 369 4551 vituperant.
408 4485 462 4538 Sed
482 4485 548 4539 haec
567 4483 704 4539 sententia
723 4501 775 4538 non
795 4484 867 4538 inest
885 4484 913 4537 in
933 4484 975 4538 his
995 4485 1098 4539 duobus
1118 4483 1250 4540 distichis.
