3158 5122
629 859 857 968 Vita.

261 1231 400 1297 Carolus
445 1231 613 1298 Henrieus
654 1232 753 1298 Frese
800 1231 853 1296 die
890 1231 955 1297 VII
1002 1231 1127 1296 mensis
1170 1232 1322 1297 Januarii

153 1338 401 1404 MDooonXX
418 1345 511 1424 patre
530 1339 729 1419 Christiane,
754 1346 860 1405 matre
878 1338 1012 1417 Doride,
1038 1360 1055 1403 e
1078 1345 1178 1424 gente
1194 1338 1320 1417 Starek,

153 1446 329 1512 Ueterseni
353 1453 452 1512 natus
476 1469 579 1512 sum·
608 1447 683 1523 Quo
706 1447 742 1510 in
766 1445 927 1533 oppidulo
950 1451 1130 1531 postquam
1154 1446 1321 1531 usquead

152 1553 323 1618 decimum
348 1555 484 1618 tertium
508 1575 637 1618 annum
654 1553 797 1639 publicis
821 1559 854 1618 et
869 1553 1008 1638 privatis
1026 1552 1147 1617 scholis
1171 1552 1320 1617 eruditus

153 1681 239 1740 sum,
256 1661 292 1725 in
308 1661 441 1726 tertiam
457 1662 598 1726 classem
614 1661 782 1747 gymnasii
799 1659 1041 1725 Meldorfiensis
1065 1666 1217 1744 reeeptus
1233 1681 1318 1738 sum,

152 1768 243 1853 quod
269 1790 377 1855 usque
401 1768 444 1833 ad
467 1775 670 1834 autumnum
694 1768 775 1833 anni
802 1768 886 1832 1889
918 1767 1137 1853 frequentavi.
1185 1766 1319 1831 Maturi-

151 1875 230 1941 tatis
253 1876 627 1965 examineperlunotus
644 1875 862 1940 Monaehium
878 1896 932 1938 me
949 1873 1085 1952 contuli,
1103 1872 1160 1937 ubi
1177 1894 1236 1958 per
1252 1872 1318 1937 duo

150 1984 324 2048 semestris
355 1983 507 2048 militavi.
555 1976 729 2047 Autumno
766 1982 911 2067 proximi
954 1982 1034 2045 anni
1068 1980 1318 2045 universitatem

149 2090 338 2156 Kiliensem
354 2090 431 2170 adii,
456 2112 524 2175 quo
541 2090 660 2155 studiis
677 2089 886 2175 philologieis
910 2110 963 2153 me
982 2087 1107 2167 darem,
1125 2088 1220 2152 cuius
1237 2086 1318 2151 Aea-

150 2197 280 2263 demiae
313 2198 395 2263 civis
418 2198 529 2264 adhue
552 2198 611 2276 lui,
637 2219 705 2262 una
728 2202 867 2281 excepta
890 2196 1009 2273 hieme,
1035 2217 1139 2279 quam
1173 2194 1318 2259 Berolini

149 2304 235 2391 degi.
290 2306 485 2370 Doeuerunt
517 2327 571 2370 me
600 2305 664 2371 viri
695 2304 783 2369 docti
821 2303 874 2367 hi:
908 2302 1011 2380 Blass,
1046 2302 1166 2381 BrunS,
1200 2302 1316 2380 Cauer,
1368 2289 1369 2292 ¹

149 2411 191 2476 de
214 2412 334 2491 Christ,
360 2413 521 2490 Deussen,
551 2411 735 2490 Erdmann,
761 2410 885 2495 Geigel,
930 2409 970 2474 de
1002 2408 1149 2494 Gizyeki,
1175 2407 1315 2492 Glogau,

149 2518 309 2599 Guettler,
352 2519 539 2598 Kirehhoff,
592 2518 746 2596 Paulson,
791 2516 832 2582 de
877 2517 905 2581 T
908 2516 1081 2594 reitsehke,
1132 2514 1315 2593 Rossbach,

149 2625 188 2689 A.
204 2625 362 2707 Schoene,
377 2627 476 2706 Wolf,
495 2625 619 2714 quibus
636 2625 792 2690 omnibus
808 2625 933 2710 gratias
947 2645 1010 2708 ago
1024 2644 1127 2708 qnam
1140 2623 1314 2687 maximas,

150 2732 325 2800 Seminarii
337 2735 528 2819 philologici
541 2733 701 2798 Kiliensis
710 2754 769 2818 por
780 2732 931 2816 quinque
943 2731 1115 2796 semestria
1125 2729 1247 2795 sodalis
1255 2730 1313 2793 fui.
