3158 5122
605 283 818 347 „29-

223 475 263 539 In
298 498 329 542 v.
358 476 511 541 949-54
535 478 588 562 agi
612 477 653 542 de
677 500 711 542 re
745 500 889 543 venerea
922 479 994 555 iam
1014 501 1116 565 supra
1139 501 1213 565 pag.
1240 482 1296 568 es,

118 582 265 667 exposui.
314 584 384 648 Nec
408 584 508 648 aliam
544 606 614 648 rem
649 585 684 649 in
720 609 751 651 v.
778 587 931 651 ete-62
967 593 1100 671 poetam
1139 594 1288 671 spectare

117 711 316 774 persuasum
339 690 456 769 habeo,
482 714 566 775 quos
581 692 773 757 Wclckerus
792 714 926 777 quoque
951 694 1037 758 inter
1057 716 1188 758 musam
1214 715 1288 779 pae-

118 796 237 874 dicam,
271 819 374 882 quam
398 798 487 875 dicit,
513 800 645 884 recepit.
709 799 867 865 Versibus
892 800 1109 885 sequentibus
1134 802 1288 866 eoa-70

119 911 232 968 utrum
256 912 354 990 poeta
388 927 531 990 puerum
563 913 713 970 amatiun
738 908 908 971 analium
933 908 1080 972 amicum
1103 908 1289 992 alloquator

119 1011 302 1077 diiudicare
335 1034 404 1077 non
439 1012 556 1078 audeo.
605 1014 643 1076 lu
668 1021 830 1098 sequente
854 1013 995 1079 disticho
1023 1016 1135 1099 agitur
1158 1014 1198 1079 de
1224 1037 1288 1080 usu

119 1119 267 1203 quodam
302 1120 542 1186 conviviorum.
592 1120 630 1184 ln
655 1143 685 1183 v.
712 1109 867 1184 973--78'
890 1128 988 1206 poeta
1012 1121 1092 1186 dicit
1115 1144 1149 1186 εθ
1173 1123 1288 1186 mortis

119 1248 303 1290 memorem
342 1227 441 1311 genio
480 1227 690 1291 indulturum
731 1249 812 1306 esse,
852 1249 914 1291 noc
953 1229 1065 1292 minus
1108 1230 1144 1292 iu
1183 1230 1288 1313 elegia

120 1334 271 1398 983--88
289 1333 417 1398 sodales
434 1334 640 1412 adhortatur,
665 1342 703 1398 ut
718 1335 947 1420 voluptatibus
965 1344 996 1399 et
1012 1335 1288 1400 delectationibus

119 1462 153 1505 se
178 1441 310 1525 debant,
328 1441 410 1505 dum
426 1447 517 1506 aetas
538 1442 580 1506 sit
595 1441 733 1526 integra.
782 1442 932 1507 Disticho
953 1449 1112 1527 sequente
1130 1443 1286 1518 sodalem,

118 1549 213 1612 cuius
236 1569 361 1613 nomen
396 1570 464 1612 non
489 1549 595 1626 affert,
631 1556 755 1623 monet,
792 1556 829 1613 ut
852 1550 1015 1614 conviviis
1039 1551 1178 1627 intersit,
1202 1572 1288 1615 nevo

118 1656 146 1719 si
171 1655 252 1740 quid
276 1677 354 1720 eum
390 1655 575 1733 offenderit,
612 1656 685 1720 aliis
721 1655 882 1720 ostendat.
942 1657 982 1720 Iu
1006 1657 1159 1741 proxima
1183 1657 1287 1741 elegia

118 1762 326 1827 Academum
344 1762 515 1847 quendam
539 1761 582 1826 ad
595 1769 763 1827 certamen
780 1764 949 1828 musicum
969 1763 1009 1828 de
1026 1785 1129 1848 puero
1147 1764 1287 1846 pulchro

118 1876 284 1954 provocat.
335 1869 502 1954 Sequente
538 1870 685 1934 carmine
720 1870 842 1934 iterum
876 1871 1000 1935 amicos
1024 1870 1066 1934 ad
1091 1872 1286 1936 convivium

117 1976 247 2042 invitat.
294 1975 457 2041 Versibus
496 1977 668 2040 reor-12
704 1976 794 2040 idem
829 1977 897 2040 lere
933 1999 1051 2040 seusus
1074 1977 1162 2041 inest
1185 1985 1287 2061 atque

117 2083 269 2148 versibus
293 2084 446 2148 973-78
471 2089 530 2147 aut
553 2084 714 2147 983288.
762 2083 831 2148 Nee
856 2083 1025 2148 dissimilis
1050 2092 1099 2148 est
1123 2085 1287 2148 sententia

117 2212 148 2256 v.
177 2191 359 2268 1017-22,
385 2189 508 2274 quibus
543 2197 641 2275 poeta
676 2191 835 2275 queritur,
861 2190 952 2274 quod
976 2197 1045 2254 tam
1069 2191 1217 2256 celeriter
1240 2192 1286 2255 iu-

117 2304 239 2362 ventus
262 2303 456 2382 praetereat.
504 2298 545 2363 V.
575 2297 747 2361 1039-40
770 2297 793 2360 ii
817 2298 1059 2382 vituperantur,
1085 2298 1144 2381 qui
1167 2299 1285 2364 vinum

119 2411 292 2489 spernunt,
317 2426 348 2470 v.
384 2405 556 2469 1041-42
593 2411 625 2469 et
663 2404 834 2469 rori-48
870 2404 913 2468 ad
948 2403 1133 2469 bibendum
1167 2406 1286 2471 invitat

118 2518 226 2597 poeta,
263 2511 303 2576 de
338 2512 571 2576 comissatione
613 2513 775 2596 seriptum
813 2519 861 2576 θεῖ
897 2511 1062 2576 distichon
1102 2513 1285 2578 loeo---eu

120 2619 160 2684 V.
183 2620 354 2684 1055-58
380 2625 478 2704 poeta
501 2619 649 2683 amicum
672 2619 878 2696 adhortatur,
905 2625 941 2682 ut
965 2619 1109 2684 serviere
1134 2641 1286 2684 sermone

119 2727 242 2791 omisso
258 2726 341 2791 tibia
364 2725 428 2790 sibi
451 2732 557 2790 canat.
612 2727 736 2810 Elegia,
762 2747 848 2811 quae
872 2749 903 2791 v.
931 2727 1104 2791 leue-oe
1129 2727 1285 2805 continet,

120 2839 218 2918 poeta
233 2833 468 2898 delectationes
485 2832 650 2911 describit,
676 2855 760 2918 quas
784 2833 941 2898 iuventus
966 2832 1130 2917 praebeat.
1173 2834 1287 2897 Simile

120 2948 170 3005 θεῖ
193 2946 430 3026 argumentum
453 2941 599 3025 proximi
623 2941 765 3005 distichi.

230 3066 357 3131 Versus
382 3071 570 3150 sequentes
603 3065 638 3129 in
663 3065 785 3150 quibus
811 3065 1011 3130 creberrima
1035 3066 1177 3130 disticha
1200 3087 1288 3151 rope-

120 3175 181 3238 tita
204 3179 391 3251 occurrunt,
418 3194 505 3257 quae
528 3172 727 3257 pervissima
750 3173 934 3257 pertinacia
951 3172 1093 3237 editores
1117 3173 1286 3251 omittunt,

120 3281 268 3366 integros
304 3302 431 3359 omnes,
469 3302 553 3365 quos
590 3279 694 3345 codex
720 3280 920 3345 Mutinensis
957 3280 1092 3345 exhibet
1125 3279 1287 3358 adscribo,

121 3410 189 3474 quo
212 3410 328 3454 veram
351 3387 451 3452 huius
476 3386 599 3452 codicis
627 3387 810 3471 imaginem
834 3388 947 3452 lectori
971 3386 1159 3472 praebeam,
1185 3409 1288 3471 quam

121 3518 163 3560 ex
187 3494 398 3573 editionibus,
434 3516 521 3579 quae
558 3494 668 3558 adhuc
705 3495 741 3557 in
776 3494 931 3559 manibus
967 3495 1089 3559 nostris
1113 3501 1203 3585 suut·
1226 3494 1287 3558 sibi

120 3604 247 3687 fingere
287 3623 355 3666 non
390 3607 507 3686 potest.
567 3601 736 3677 Quoniam
761 3607 874 3665 autem
898 3602 960 3666 hoc
985 3602 1092 3666 solum
1117 3602 1151 3664 in
1176 3602 1288 3665 auimo

120 3709 205 3774 mihi
229 3715 287 3787 est,
312 3716 350 3772 ut
383 3709 485 3773 lector
520 3715 708 3793 eognoscat,
734 3709 831 3793 qualo
856 3708 898 3772 sit
925 3715 1162 3792 argumentum
1187 3709 1288 3773 huius

121 3817 225 3902 partis
249 3816 325 3881 libri
349 3823 393 3894 A,
418 3815 570 3880 codicum
596 3814 754 3880 lectiones
781 3815 835 3880 hic
851 3837 920 3879 non
936 3814 1069 3888 curabo,
1094 3817 1288 3900 praesertim

123 3944 202 3988 cum
226 3923 267 3988 de
290 3944 450 3989 versuum
475 3922 690 4007 repetitorum
714 3921 911 3987 lectionibus
934 3922 1001 3985 iam
1030 3943 1131 4007 supra
1155 3921 1289 3986 uberius

122 4030 255 4116 egerim.

444 4155 528 4219 1070
541 4176 570 4219 a.
599 4155 725 4245 Τέρπεό
748 4183 812 4240 μοι,
838 4159 909 4242 φίλε
925 4163 1022 4241 θυμέ,
1039 4152 1111 4238 τάχ’
1135 4153 1181 4222 c'r'r
1204 4181 1289 4231 τινες

179 4262 268 4327 idem
293 4283 331 4328 ac
408 4167 421 4373 Ι
653 4258 746 4329 ἄλλοι
770 4263 899 4330 ἔδονται

180 4371 332 4435 877---78
543 4369 573 4434 b.
600 4367 727 4459 ἄνδρες,
752 4368 813 4454 lyei
848 4373 884 4438 δὲ
907 4371 1027 4435 θανών
1051 4386 1131 4452 γαῖα
1162 4371 1288 4452 μέλαιν’

410 4380 424 4575 i
653 4481 778 4563 μέλαιν’
804 4478 929 4566 ἔσομαι,ι
