3158 5122
699 255 895 321 ..7...

321 455 400 518 Post
422 475 557 520 versum
584 453 667 517 1278
691 457 887 537 repetuntur
909 474 939 517 v.
969 451 1134 517 1101-2:

363 560 472 641 Ὅστις
495 582 543 627 σοι
565 561 739 640 βούλευσεν
762 558 839 643 ἐμοῦ
861 569 945 648 πέρι,
970 571 1030 624 καί
1050 566 1076 627 d
1079 561 1244 628 ἐκέλευσεν

373 673 523 753 οἴχεσθαι
546 667 746 757 προλιπόνθ’
770 668 928 754 ἡμετέρην
949 668 1066 752 φιλίην.

322 792 408 856 Cum
431 793 474 857 sit
506 792 671 857 sententia
699 790 846 869 relativa,
877 811 964 875 quae
994 789 1125 869 dicitur,
1159 790 1376 877 perspicuum

212 905 263 963 est
287 899 452 964 distichon
475 920 534 984 per
557 920 592 964 se
615 899 746 963 nullum
771 918 906 963 sensum
930 897 1087 982 praebere
1110 919 1216 983 posse.
1265 899 1375 974 Quam

211 1005 256 1070 ob
280 1027 350 1071 rem
372 1005 526 1071 nonnulli
542 1006 605 1072 viri
622 1004 709 1070 docti
725 1026 802 1069 cum
819 1003 1091 1069 antecedentibus
1107 1026 1137 1070 v,
1158 1006 1240 1070 1097
1249 1007 1376 1070 -1100

211 1112 274 1177 hos
309 1135 424 1179 versus
459 1113 661 1197 coniungere
696 1112 806 1177 conati
837 1117 931 1189 sunt;
967 1110 1058 1196 quod
1089 1133 1166 1176 cum
1190 1118 1283 1177 textu
1307 1134 1375 1177 non

210 1226 341 1285 mutato
364 1220 435 1285 fieri
450 1241 519 1284 non
548 1224 668 1304 posset,
686 1217 889 1284 Boissonade
912 1239 973 1303 pro
989 1214 1077 1298 ὅστις
1092 1220 1233 1284 coniecit
1248 1217 1374 1302 χῶστις,

210 1326 303 1411 quod
328 1326 483 1392 Sitzlerus
507 1326 543 1390 in
567 1325 748 1391 editionem
771 1346 867 1390 suam
890 1325 1022 1410 recepit.
1048 1324 1113 1390 Sed
1136 1326 1269 1392 videtur
1291 1327 1375 1391 mihi

209 1455 280 1498 non
293 1440 368 1518 apte
379 1454 399 1498 a
411 1432 513 1500 verbo
529 1435 635 1532 γνώσῃ
653 1432 799 1517 pendere
815 1453 913 1518 posse
928 1439 960 1497 et
972 1434 1200 1499 accusativum
1217 1438 1375 1524 ἡμετέρην

210 1542 432 1630 ἐπιφροσύνην
445 1547 477 1605 et
497 1537 885 1626 interrogatiofinffirccm
902 1539 989 1618 dung
1007 1563 1056 1607 σοι
1072 1539 1246 1617 βοιῖλιοσεν
1258 1563 1284 1605 e.
1302 1563 1333 1626 q.
1348 1563 1372 1606 s.

210 1648 251 1712 ln
282 1647 366 1712 libro
390 1656 421 1713 Β
443 1648 592 1732 primum
620 1668 697 1712 cum
729 1646 1002 1712 antecedentibus
1036 1654 1194 1732 quattuor
1221 1647 1373 1714 versibus
1471 1672 1472 1677 ¹

208 1760 363 1820 nostrum
387 1754 552 1820 distichon
569 1755 728 1840 coniungi
744 1775 841 1840 posse
854 1754 1053 1833 existimavi,
1072 1760 1110 1819 ut
1125 1755 1225 1820 totius
1250 1755 1374 1840 elegiae

209 1884 329 1928 sensus
368 1863 422 1928 hic
453 1863 513 1929 sit:
543 1862 640 1927 Veris
672 1868 821 1947 tempore
851 1862 935 1926 Eros
965 1862 1115 1947 Cyprum
1152 1862 1310 1947 relinquit
1343 1869 1375 1927 et

208 1970 363 2035 homines
386 1969 464 2048 adit,
489 1969 549 2055 qui
572 1991 663 2035 nunc
687 1976 718 2034 te
735 1990 870 2055 quoque
893 1968 1043 2046 adduxit,
1068 1975 1105 2034 ut
1128 1991 1182 2034 me
1206 1969 1373 2036 desereres

209 2083 243 2143 et
259 2114 301 2125 —-
317 2076 409 2162 quod
432 2077 631 2162 cogitatione
647 2076 840 2141 addendum
858 2083 907 2141 est
924 2114 963 2123 κ
982 2076 1024 2141 ad
1036 2077 1140 2141 alium
1164 2082 1196 2141 te
1212 2078 1372 2143 conferas.

208 2185 296 2249 (lum
328 2190 440 2249 autem
464 2185 553 2264 ὅστις
586 2185 628 2250 sit
657 2205 844 2270 pronomen
872 2185 1150 2269 interrogativum
1173 2184 1374 2250 indirectum

208 2298 268 2357 aut
304 2292 481 2359 relativum
508 2291 733 2370 indefinitum,
767 2291 883 2356 eodem
917 2290 1016 2356 modo
1049 2298 1150 2376 atque
1174 2293 1210 2356 in
1233 2291 1317 2357 libro
1340 2302 1375 2360 A

207 2422 260 2465 res
283 2421 318 2465 se
341 2398 451 2477 habet,
476 2405 514 2463 ut
536 2405 630 2464 textu
653 2420 722 2464 non
742 2404 871 2463 mutato
895 2398 1062 2463 distichon
1078 2419 1155 2463 cum
1179 2399 1373 2465 anteceden-

203 2507 294 2572 tibus
310 2506 469 2592 coniungi
490 2528 559 2571 non
575 2507 687 2591 possit.
725 2505 790 2571 Sed
813 2506 952 2571 tortasse
976 2526 1077 2570 causa
1092 2505 1237 2572 inveniri
1253 2512 1370 2591 potest,

204 2614 334 2679 curhoc
345 2614 419 2700 ipso
431 2614 502 2678 loco
511 2620 586 2699 post
597 2636 628 2679 v.
645 2613 729 2677 1278
742 2611 918 2690 distichon,
932 2612 972 2677 dc
986 2633 1052 2697 quo
1065 2613 1197 2697 agimus
1209 2613 1370 2678 insertum

204 2722 248 2786 sit
270 2721 312 2787 ab
333 2742 371 2786 eo
392 2721 451 2806 qui
467 2719 683 2805 Theognidea
699 2719 895 2804 composuit.
934 2720 1001 2784 Diu
1018 2719 1109 2783 enim
1132 2740 1152 2783 a
1170 2719 1250 2785 viris
1266 2719 1371 2785 doctis

204 2829 377 2913 cognitum
401 2835 450 2893 est
473 2828 501 2892 si
525 2849 592 2892 non
615 2827 651 2892 in
675 2832 743 2892 toto
772 2826 856 2891 libro
880 2825 1174 2912 Theognideorum
1198 2832 1311 2891 tamen
1334 2828 1370 2892 in

204 2934 408 3021 quibusdam
431 2933 583 3020 partibus
607 2934 756 3019 singulas
780 2933 901 3018 elegias
926 2934 973 2998 ita
1000 2954 1068 2997 uno
1096 2933 1193 3018 quasi
1216 2934 1271 2999 filo
1295 2955 1369 2999 con-

203 3063 307 3108 nexas
331 3063 412 3121 csse,
436 3047 474 3106 ut
496 3041 697 3108 vocabulum
721 3040 893 3126 quoddam
916 3040 1051 3105 alterius
1075 3040 1183 3105 eidem
1207 3042 1369 3107 vocabulo

203 3150 239 3214 in
263 3149 367 3214 altera
393 3148 601 3234 respondeat,
620 3147 711 3233 quod
738 3148 867 3233 primus
885 3147 1078 3213 Welckerus
1102 3148 1182 3233 prol.
1208 3143 1282 3233 pag.
1309 3149 1368 3213 CV

204 3256 453 3322 demonstravit.
501 3255 587 3319 Cum
619 3262 731 3319 autern
763 3255 798 3318 in
832 3277 862 3320 v.
895 3256 978 3320 1277
1013 3255 1142 3340 legatur
1168 3255 1368 3320 vccabulum

203 3364 374 3454 προλιπών
390 3368 423 3427 et
443 3363 479 3426 in
494 3384 525 3428 v.
548 3363 630 3427 1102
646 3361 736 3426 idem
752 3363 966 3447 participium
989 3361 1193 3452 προλιπόντα
1218 3369 1369 3428 occurrat-

203 3477 236 3536 et
259 3476 429 3555 praeterea
451 3491 519 3534 uno
536 3475 668 3534 tantum
695 3469 766 3533 loco
790 3469 890 3534 totius
914 3468 989 3533 libri
1012 3467 1053 3555 (v.
1080 3468 1155 3555 351)
1176 3470 1370 3536 inveniatur

203 3581 416 3667 προλιποῦσα,
441 3598 510 3642 non
534 3577 632 3662 plane
654 3575 822 3641 reicienda
844 3575 978 3642 videtur
993 3576 1147 3659 suspicio,
1167 3597 1209 3641 ne
1233 3584 1369 3663 propter

202 3685 266 3749 hoc
290 3684 431 3750 verbum
459 3683 625 3748 distichon
648 3683 711 3748 hoc
739 3683 812 3768 ipso
840 3682 911 3748 loco
934 3683 970 3746 in
993 3681 1117 3746 librum
1142 3690 1172 3746 B
1195 3690 1366 3769 receptum

202 3792 253 3858 sit.
302 3791 386 3856 Utut
408 3796 467 3870 cst,
491 3791 555 3855 hoc
578 3791 646 3855 iam
668 3788 823 3856 videmus
853 3790 889 3853 in
916 3794 1058 3874 utroque
1092 3789 1177 3854 libro
1201 3790 1367 3855 distichon

202 3919 383 3976 occurrere,
397 3897 577 3982 quodcum
589 3897 680 3961 nullo
693 3897 758 3962 alio
770 3897 923 3962 cohaeret
933 3902 966 3961 et
975 3896 1067 3982 quod
1080 3897 1216 3962 omnino
1230 3919 1367 3962 sensum

201 4027 272 4070 non
295 4004 438 4090 praebet.
487 4005 581 4080 Quae
610 4025 661 4068 res
695 4009 892 4089 argumento
923 4010 972 4068 est
1001 4005 1162 4068 rationem
1195 4004 1367 4089 quandam

201 4111 405 4191 intercedere
420 4111 507 4176 inter
523 4111 623 4176 libros
641 4121 675 4178 A
689 4118 721 4176 et
736 4119 775 4183 Β,
800 4111 870 4176 sive
887 4132 928 4176 ex
945 4111 1061 4176 eodem
1078 4111 1169 4176 fonte
1185 4112 1363 4191 fluxerunt,

203 4220 273 4285 sive
296 4217 379 4283 illud
402 4217 567 4285 distichon
591 4239 632 4283 ex
655 4217 757 4283 altero
780 4218 816 4282 in
840 4218 981 4283 alterum
1005 4219 1244 4303 transpositum
1268 4224 1326 4283 cst.

308 4344 358 4408 De
392 4344 553 4428 proximis
577 4342 727 4409 versibus
760 4343 906 4428 repetitis
941 4343 1041 4427 paulo
1076 4343 1220 4428 amplius
1255 4342 1364 4428 dispu-

203 4449 345 4516 tandum
369 4450 437 4516 erit.
485 4450 658 4535 Leguntur
681 4450 715 4515 in
739 4448 823 4515 libro
840 4457 874 4516 A
896 4449 932 4513 in
954 4449 1049 4514 initio
1072 4450 1174 4514 huius
1197 4449 1337 4539 elegiae:
