3158 5122
690 297 887 364 ..5-

205 492 444 570 „manifestum
468 499 518 559 061
532 493 614 558 haec
632 493 698 558 duo
716 493 858 559 disticha
873 492 928 580 (60.
949 517 980 560 v.
1008 495 1092 560 1238
1108 495 1150 560 ab
1167 501 1199 560 et
1218 492 1371 582 114061)

203 600 391 664 arctissima
413 600 657 666 necessitudine
680 600 795 665 iuncta
819 622 899 680 esse,
924 623 1004 666 nam
1032 605 1156 680 λέξουσι
1179 601 1222 667 ad
1246 603 1371 682 δειλούς

203 708 407 796 ἀνθρώπους
430 729 477 773 vs,
508 708 591 772 1152
616 714 665 772 est
689 706 910 772 referendum.
946 709 1064 793 ltaque
1088 709 1201 794 ecloga
1223 730 1301 774 cum
1316 709 1371 775 hic

201 813 334 898 integra
349 820 447 892 extet,
472 835 572 879 suum
588 813 715 878 obtinet
738 814 858 892 locum,
889 814 979 880 unde
1001 816 1088 880 male
1112 815 1246 880 sedulus
1269 815 1370 881 homo

203 921 299 1004 prius
322 920 486 986 distichon
511 921 626 986 libroI
649 920 819 985 inseruit«
839 921 1035 987 Rectissime
1059 921 1196 1007 quidem
1219 922 1273 987 1116
1291 920 1372 987 (11011

203 1027 286 1092 11660
303 1026 369 1093 duo
386 1027 528 1092 disticha
543 1028 654 1091 dirimi
670 1049 739 1092 non
752 1049 858 1113 posse,
879 1029 932 1092 cui
956 1050 1111 1094 assensus
1128 1036 1177 1094 est
1193 1028 1245 1093 Fr.
1264 1029 1371 1094 Cauer

204 1133 241 1198 in
265 1133 383 1199 studiis
400 1134 624 1219 Theognideis
648 1135 683 1198 in
700 1134 816 1198 Philol.
835 1135 899 1200 vol.
924 1135 968 1200 50
983 1157 1059 1221 pag.
1077 1136 1151 1214 543,
1176 1136 1369 1221 praesertim

203 1241 341 1306 cumin
365 1239 517 1308 versibus

364 1347 504 1416 πολλάκι
527 1377 577 1415 τοι
602 1351 681 1436 παρ’
704 1351 776 1435 ἐμοὶ
799 1351 885 1415 κατά
910 1349 967 1418 σοῦ
990 1351 1115 1428 λέζοῡσι
1137 1351 1265 1434 μάταια

365 1465 422 1523 καὶ
446 1457 539 1545 παρᾶ
565 1465 614 1523 σοὶ
637 1456 708 1522 κατ’
732 1455 822 1541 duod·
849 1460 916 1523 τῶν
939 1459 974 1524 δὲ
997 1453 1035 1525 od
1058 1455 1103 1543 μή
1130 1461 1228 1535 §avla

203 1581 233 1644 si
256 1580 396 1644 seiuncti
410 1580 451 1645 ab
465 1578 738 1645 antecedentibus
752 1581 918 1665 leguntur,
932 1581 1132 1664 nesciamus,
1147 1581 1204 1665 qui
1217 1581 1370 1647 homines

203 1693 321 1772 poetae
338 1687 546 1752 maledicturi
563 1688 637 1751 sint,
657 1687 756 1763 Quod
771 1693 882 1751 autem
900 1688 1063 1772 Bergkius
1080 1687 1160 1752 dicit
1176 1687 1216 1752 de
1233 1688 1371 1754 homine

202 1794 290 1859 male
314 1793 439 1873 sedulo,
456 1795 514 1879 qui
531 1794 623 1879 prius
640 1794 806 1859 distichon
821 1795 856 1858 in
866 1794 989 1858 librum
1001 1806 1035 1862 A
1057 1816 1098 1860 ex
1122 1794 1205 1859 libro
1235 1805 1267 1861 Β
1287 1796 1370 1860 inse·

203 1901 316 1978 ruerit,
333 1923 449 1966 vereor
464 1923 506 1965 ne
522 1922 676 1986 perverse
692 1901 817 1965 iudicet
831 1901 884 1966 vir
899 1900 1024 1965 doctus
1051 1901 1134 1977 Quis
1150 1901 1249 1980 enim,
1263 1901 1322 1986 qui
1335 1903 1370 1966 in

202 2007 287 2072 libro
301 2007 402 2072 Bduo
409 2007 551 2072 disticha
559 2009 683 2093 optime
691 2008 909 2092 congruentia
916 2008 1048 2092 legeret,
1056 2007 1368 2072 alteruminlibrum

203 2114 1295 2200 Atransponeret,praesertimiulocumtammaleaptum‚qualem
1307 2116 1370 2180 hoc

204 2221 370 2286 distichon
386 2222 421 2284 in
438 2221 522 2286 libro
539 2221 647 2306 priore
665 2221 814 2286 obtinet?
849 2220 1024 2285 Antecedit
1042 2221 1132 2285 enim
1150 2222 1229 2286 66116
1245 2243 1371 2307 magna

204 2329 310 2412 elegia
326 2329 440 2392 1135-
456 2329 509 2405 50,
527 2350 595 2413 qua
610 2334 708 2413 poeta
724 2328 883 2413 queritur,
902 2327 991 2411 quod
1009 2327 1091 2392 fides
1107 2334 1140 2392 et
1151 2328 1338 2393 constantia
1354 2351 1371 2394 e

204 2435 333 2499 mundo
358 2435 567 2512 excesserint,
601 2456 694 2519 spem
726 2435 832 2499 solam
864 2434 1058 2499 hominibus
1081 2435 1291 2513 remansisse,
1315 2436 1368 2500 cui

202 2549 244 2606 ut
268 2541 348 2608 deae
372 2541 414 2607 ab
438 2542 502 2607 illis
526 2541 781 2606 sacrificandum
805 2562 894 2619 essc;
928 2541 1078 2626 sequitur
1102 2541 1277 2620 distichon,
1302 2564 1369 2627 quo

202 2656 302 2735 poeta
324 2655 426 2734 optat,
451 2656 488 2713 ut
512 2649 605 2715 dives
638 2656 670 2713 et
693 2669 829 2713 securus
853 2648 965 2712 vivere
998 2647 1111 2732 possit.
1159 2648 1235 2713 Non
1268 2649 1370 2734 igitur

202 2758 238 2821 in
254 2757 317 2822 hac
334 2778 367 2821 10
383 2756 525 2841 Bergkio
543 2756 693 2820 assentiri
712 2777 859 2840 possum,
885 2755 943 2820 sed
966 2755 1029 2819 hoc
1045 2755 1156 2840 potius
1180 2757 1369 2840 putaverim

202 2864 238 2929 in
252 2863 336 2928 libro
348 2874 382 2931 A
394 2884 528 2948 quoque
546 2862 624 2926 olim
641 2863 814 2947 integram
824 2861 964 2946 elegiam
976 2883 1092 2928 versus
1108 2861 1368 2927 laada—lamb

202 2971 430 3036 continentem
466 2969 622 3047 extitisse,
656 2969 714 3034 sed
742 2990 821 3034 casu
852 2968 1000 3054 quodam
1030 2969 1171 3034 alterum
1204 2968 1369 3034 distichon

203 3077 374 3144 excidisse.
425 3077 545 3143 Utrum
569 3084 680 3141 autern
705 3098 746 3141 ex
769 3075 853 3140 libro
877 3085 911 3142 A
933 3076 968 3139 in
984 3074 1107 3140 librum
1132 3083 1173 3154 Β,
1197 3096 1241 3139 an
1273 3098 1314 3140 ex
1338 3085 1369 3141 Β

202 3186 239 3251 111
262 3196 297 3253 A
320 3184 521 3269 transposita
545 3183 588 3247 sit
611 3183 724 3267 elegia,
749 3182 902 3247 nondum
926 3181 1112 3247 discernere
1136 3182 1252 3247 audeo.

311 3293 352 3357 V.
377 3292 530 3356 597--98
554 3290 673 3354 mutati
698 3295 872 3354 recurrunt
894 3312 917 3354 v
943 3289 1124 3353 1243-44.
1172 3289 1221 3353 Dc
1245 3289 1368 3374 quibus

201 3398 355 3467 versibus
389 3420 497 3484 nuper
529 3397 596 3483 egit
619 3397 844 3461 Reitzenstein
875 3395 911 3460 in
944 3395 1037 3473 libro,
1068 3396 1126 3481 qui
1154 3395 1368 3462 inscribiturz

203 3508 401 3592 Epigramm
424 3506 494 3570 und
519 3505 656 3570 Skolion
679 3526 753 3590 pag.
781 3505 831 3568 16,
881 3503 947 3579 oui
972 3503 1023 3569 vir
1050 3503 1167 3568 doctus
1195 3524 1273 3568 cum
1303 3526 1369 3569 om·

202 3615 284 3679 nino
308 3619 454 3677 nostram
476 3613 702 3677 collectionem
721 3612 756 3675 in
780 3633 879 3675 usum
897 3610 1129 3675 conviviorum
1145 3610 1369 3696 conscriptam

203 3742 273 3786 esse
286 3719 415 3805 putet¹)‚
428 3724 557 3782 nostros
568 3739 683 3783 versus
689 3739 766 3782 cum
774 3716 1046 3790 antecedentibus
1058 3716 1105 3781 ita
1116 3716 1369 3802 coniungendos

203 3849 274 3907 esse
298 3832 419 3903 censet,
444 3831 482 3890 ut
504 3831 683 3910 postquam
701 3846 723 3889 v
739 3824 891 3888 oea-96
916 3844 936 3887 6
959 3822 1106 3908 quodam
1130 3823 1273 3888 conviva
1295 3844 1368 3888 can-

203 3935 263 4000 tati
287 3933 340 3998 vel
364 3931 538 3996 declamati
563 3931 639 4008 sint,
672 3931 757 3994 alius
787 3930 908 3995 nostris
931 3929 1084 3994 versibus
1108 3929 1137 3993 ei
1161 3928 1367 4013 respondeat.

204 4041 354 4106 Annotat
370 4046 482 4103 autem
495 4038 720 4104 Reitzenstein
736 4038 818 4103 haec
834 4037 877 4102 ad
893 4043 1045 4102 nostrum
1063 4036 1189 4101 locum:
1212 4036 1262 4114 „A
1279 4043 1367 4123 sagt:

204 4154 330 4237 ἑταῖροι
355 4145 472 4211 wollen
497 4145 555 4209 wir
579 4146 659 4223 sein,
684 4144 764 4209 aber
787 4165 853 4209 von
877 4144 960 4222 iern,
985 4144 1039 4208 ich
1063 4142 1121 4206 hin
1137 4142 1261 4208 Deiner
1276 4144 1368 4209 iiber-

205 4254 359 4338 du'issig3
384 4262 415 4319 Β
437 4257 632 4317 antwortet:
658 4273 755 4336 sogar
771 4255 856 4338 φίλοι
873 4251 991 4316 wollen
1007 4250 1066 4316 wir
1091 4250 1172 4327 sein,
1196 4249 1268 4324 und
1284 4271 1369 4315 zwar

312 4500 332 4570 ¹)
345 4501 467 4557 Eandem
477 4499 639 4557 sententiam
649 4500 702 4554 iam
715 4507 797 4558 antea
807 4499 922 4567 protulit
931 4498 1068 4568 Bergkius
1082 4498 1115 4554 G.
1129 4497 1197 4557 L.G.
1206 4498 1246 4558 IL
1257 4513 1283 4564 p.
1297 4501 1357 4560 321,
