3158 5122
677 288 897 352 ..18-

309 484 339 547 6.
386 483 425 546 lu
449 489 567 548 neutro
590 483 674 549 libro
698 484 786 548 ullus
810 484 1030 549 recentiorum
1056 491 1229 570 poetarum
1253 506 1381 552 versus

201 585 389 656 invenitur.'

309 733 337 796 7.
385 733 425 796 Iu
448 740 566 798 neutro
590 734 674 800 libro
698 740 807 799 certus
831 735 1072 800 sententiarum
1103 756 1249 800 conexus
1284 756 1378 820 repe-

203 838 259 903 riri
283 845 400 924 potest,
425 841 489 905 nisi
519 841 610 926 quod
641 863 757 907 omnes
782 864 898 908 versus
929 841 1003 907 libri
1028 851 1059 907 B
1081 842 1121 907 de
1145 863 1257 907 amore
1296 863 1376 927 pue-

202 946 253 1010 rili
278 947 392 1032 scripti
415 954 502 1013 sunt.

754 1164 813 1230 IV.

308 1287 476 1364 Quoniam
506 1293 555 1353 tot
578 1295 610 1354 et
632 1295 742 1354 tantas
766 1289 1000 1355 similitudines
1024 1290 1251 1375 cognovimus,
1278 1288 1376 1355 dubi-

201 1399 270 1458 tare
293 1394 361 1458 iam
386 1416 454 1460 non
477 1416 666 1481 possumus,
700 1397 784 1481 quin
814 1397 997 1463 arctissime
1027 1397 1061 1460 hi
1095 1397 1161 1461 duo
1185 1395 1259 1461 libri
1284 1396 1376 1461 inter

201 1522 236 1566 se
259 1501 466 1567 cohaereant.
515 1503 631 1580 Qualis
655 1510 768 1569 autom
792 1504 874 1569 ratio
892 1505 978 1569 iuter
1002 1526 1057 1569 eos
1080 1503 1273 1582 intercedat,
1299 1525 1375 1589 cog-

201 1609 294 1674 nosci
318 1631 386 1674 non
409 1616 527 1696 potest,
559 1610 623 1674 nisi
654 1618 753 1676 antea
785 1612 1011 1696 exposuimus,
1037 1611 1205 1697 quomodo
1230 1610 1313 1676 liber
1338 1622 1377 1679 A

201 1717 405 1802 compositus
428 1718 480 1783 sit.

316 1862 392 1937 Qua
416 1861 456 1926 de
481 1883 516 1927 re
551 1863 717 1947 permulta
740 1863 808 1927 iam
839 1863 902 1929 viri
926 1863 1013 1928 docti
1038 1863 1313 1949 excogitaverunt
1339 1869 1374 1927 et

200 1969 479 2054 conscripserunt,
504 1969 562 2054 qui
586 1990 795 2054 quamquam
825 1991 923 2055 saepe
954 1972 1100 2035 maxime
1132 1971 1218 2034 inter
1242 1991 1276 2034 se
1300 1969 1374 2058 :dis-

202 2076 359 2154 sentiunt,
385 2083 498 2141 tamen
522 2077 629 2161 magis
653 2077 827 2162 magisque
852 2077 886 2140 id
910 2077 1177 2163 omnesprobare
1200 2077 1372 2156 videntur,

201 2204 317 2248 versus
341 2183 498 2268 repetitos
523 2184 647 2248 summi
671 2185 833 2249 momenti
857 2205 927 2249 esse
951 2184 995 2249 ad
1020 2184 1288 2270 cognoscendam
1313 2207 1372 2250 na-

200 2295 311 2354 turam
334 2290 435 2355 totius
458 2290 669 2356 collectionis.

768 2545 799 2592 a.

308 2667 558 2745 Difficultatem,
583 2687 686 2752 quam
710 2666 773 2731 hae
797 2665 931 2731 crebrae
954 2666 1167 2751 repetitiones
1196 2665 1370 2750 praebent,

203 2773 379 2840 Nietzsohe
402 2776 438 2839 in
462 2774 705 2853 dissersationa
731 2795 818 2859 quae
841 2773 1051 2838 inscribitur:
1077 2774 1145 2838 Zur
1169 2774 1370 2839 Gcschiohte

202 2881 260 2946 der
282 2881 594 2968 Theognideischen
618 2880 952 2967 Spruchsammlung
999 2881 1083 2948 Mus.
1110 2881 1216 2946 Rhen.
1242 2882 1305 2948 vol.
1325 2882 1370 2945 22

201 3010 276 3074 pag.
305 2990 365 3054 161
381 3011 414 3054 ss
438 2989 565 3055 solvero
600 2989 738 3067 studuit,
775 2989 833 3074 qui
857 2988 909 3054 vir
931 2988 1048 3053 doctus
1072 2988 1221 3073 singulas
1247 2989 1371 3074 elegias

140 3096 144 3103 ’
200 3095 248 3161 ita
281 3117 450 3161 connexas
485 3117 555 3161 esse
590 3101 695 3181 putat,
731 3101 769 3160 ut
802 3094 1004 3162 vocabulum
1038 3095 1208 3181 quoddam
1233 3096 1371 3161 alterius

206 3203 297 3268 idem
321 3203 524 3270 vocabulum
547 3203 583 3267 in
607 3202 710 3267 altera
734 3202 885 3288 excipiat.
934 3202 1007 3267 Etsi
1029 3202 1144 3287 negari
1167 3224 1236 3267 nou
1259 3208 1372 3288 potest

201 3311 237 3375 in
265 3310 470 3396 quibusdam
501 3309 652 3396 partibus
687 3308 762 3374 libri
785 3309 1078 3394 Theognideorum
1103 3310 1167 3375 tale
1191 3310 1369 3374 consilium

201 3418 237 3482 in
261 3418 458 3483 adornanda
480 3417 697 3503 dispositione
721 3438 891 3503 apparere,
922 3417 1010 3503 quod
1038 3418 1106 3483 iam
1130 3439 1232 3503 supra
1255 3438 1330 3502 pag.
1350 3419 1369 3481 7

202 3525 360 3604 concessi,
384 3532 498 3591 tamen
521 3525 662 3591 modum
678 3525 762 3590 mihi
778 3525 935 3590 excedere
951 3524 1084 3590 videtur
1099 3525 1153 3589 ille
1173 3525 1225 3589 vir
1240 3523 1370 3604 doctus

203 3633 231 3698 si
254 3654 328 3719 pag.
358 3633 419 3698 172
454 3633 473 3697 l.
499 3653 526 3698 c.
562 3632 644 3698 baec
679 3632 776 3699 dicit:
812 3632 898 3696 Dem
921 3631 1092 3696 Rcdaktor
1125 3631 1180 3716 lag
1215 3631 1287 3695 eine
1315 3630 1370 3696 be-

203 3741 350 3806 stimmte
374 3741 483 3805 Masse
517 3762 585 3805 von
620 3739 931 3825 Theognideischon
954 3739 1178 3825 Fragmenten
1208 3759 1277 3816 vor,
1314 3737 1370 3804 die

204 3870 239 3914 er
262 3870 334 3913 nun
357 3848 393 3913 in
417 3847 526 3912 seiner
549 3847 659 3913 Weise
682 3869 724 3912 zu
759 3847 869 3912 einem
899 3846 1035 3911 Ganzen
1072 3846 1215 3910 machon
1249 3844 1369 3910 wollte.

204 3956 287 4021 Sehr
304 3957 352 4021 oit
368 3954 447 4020 aber
463 3955 564 4020 fehlte
581 3955 653 4018 ihm
669 3956 723 4019 ein
739 3953 920 4040 Fragment
935 3954 997 4018 mit
1013 3953 1089 4018 dem
1114 3952 1370 4018 verbindendeu

204 4063 335 4142 Wortc;
372 4084 407 4128 er
441 4062 519 4148 griff
554 4061 646 4129 darm
681 4062 805 4127 zuriick
840 4083 881 4126 zu
914 4060 979 4126 dcn
1003 4060 1107 4126 schon
1130 4059 1369 4145 gebrauchten,

204 4170 262 4235 der
286 4169 485 4255 Sammlung
508 4169 611 4235 schon
634 4168 860 4254 cingereibten
877 4167 948 4232 und
963 4168 1074 4232 liihrte
1091 4189 1125 4232 es
1142 4168 1228 4233 noch
1245 4167 1372 4233 einmal

203 4300 272 4345 vor.
323 4275 425 4341 Dabei
450 4276 549 4342 stand
572 4297 606 4341 es
630 4277 666 4340 in
690 4276 798 4341 seiner
821 4274 933 4354 Hand,
965 4275 999 4338 in
1025 4274 1083 4340 der
1106 4273 1372 4359 Wicdcrlrolung

204 4386 312 4471 einige
348 4385 532 4449 Varianten
568 4383 816 4468 anzubringen;
851 4405 885 4448 cr
908 4382 981 4447 that
1011 4404 1045 4447 es
1069 4383 1125 4459 oit,
1161 4381 1239 4446 bald
1273 4381 1373 4445 mehr

204 4492 283 4558 oder
307 4490 451 4577 wenigcr
473 4491 653 4577 geschiokt‚
693 4490 773 4556 aber
796 4512 831 4555 er
854 4491 926 4555 that
949 4511 984 4554 es
1008 4489 1101 4554 nicht
1123 4489 1252 4553 immor.
1299 4488 1372 4555 Das
