3158 5122
680 263 876 327 ..4-

200 462 295 528 dines
325 462 387 528 sibi
410 461 579 529 invenisse
602 460 744 537 videtur,
768 457 826 522 ubi
850 463 936 523 certe
960 479 1028 522 non
1051 456 1176 522 insunt.
1223 456 1368 540 Compa-

200 575 251 635 rat
274 590 301 634 e.
325 591 373 654 gr.
398 590 472 655 pag.
500 570 518 633 7
544 589 620 633 cum
645 565 754 633 verbis
780 565 909 634 Οὔποθ
935 561 1024 654 ὕδωρ
1047 575 1103 630 καὶ
1127 567 1192 652 πῦρ
1216 567 1367 649 συμμίξε·

199 703 255 744 ται
278 679 319 762 (v.
347 677 446 760 1245)
470 674 573 741 verba
595 675 654 743 νῦν
677 676 696 741 d
719 668 781 761 ἤδη
805 674 1004 750 reuolutae,
1027 667 1112 760 ὕδωρ
1136 673 1163 737 d’
1189 670 1367 755 ἀναμίσγε-

199 780 376 868 scallam.
392 782 476 869 961).
493 780 661 866 Equidem
679 779 806 844 nullam
820 779 919 843 aliam
937 777 1190 843 similitudinem
1202 775 1366 860 indagare

201 890 304 976 potui,
328 889 394 954 nisi
405 888 496 974 quod
512 895 654 972 utroque
677 887 748 951 loco
764 892 862 970 poeta
874 884 915 949 de
931 906 1020 970 aqua
1042 884 1190 968 loquitur
1206 889 1238 948 et
1262 881 1366 949 verbo

200 1010 334 1084 μίγνυμι
343 994 530 1074 utitur3sed
541 994 644 1059 altero
653 993 863 1078 dicitaquam
875 998 907 1057 ct
916 991 1030 1076 ignem
1040 990 1247 1055 miscerinon
1256 1010 1364 1074 posse,

201 1103 304 1168 altero
338 1101 553 1167 translatione
577 1106 610 1165 et
632 1099 778 1184 imagine
802 1120 883 1163 usus
906 1098 1008 1162 lontis
1030 1118 1154 1182 aquam
1186 1096 1266 1160 limo
1300 1103 1366 1160 tur-

202 1209 314 1274 batam
339 1230 419 1274 esse.
466 1209 535 1273 Nec
559 1207 666 1272 maior
682 1205 864 1271 similitudo
876 1203 1050 1270 intercedit
1073 1204 1160 1268 inter
1171 1204 1365 1288 proximum

202 1315 367 1381 distichon
392 1315 564 1379 1247-48

364 1421 543 1514 Φρόντισον
565 1422 666 1503 ἔχθος
690 1419 771 1506 ἔμὸν
798 1432 854 1487 καὶ
877 1415 1073 1510 ὑπέρβασιν,
1098 1425 1171 1486 ἴσθι
1194 1420 1230 1484 δὲ
1253 1422 1366 1507 θυμῷ,

361 1527 404 1608 ὥς
428 1536 454 1596 σ’
478 1530 528 1615 ἐφ’
553 1527 729 1626 ἁμαρτωλῇ
750 1540 880 1613 cleopas
905 1529 947 1607 ὦς
970 1528 1117 1609 δύναμαι

301 1695 303 1701 .
361 1642 394 1703 ct
416 1657 449 1701 v.
474 1635 646 1700 325-27:

363 1749 397 1810 εἴ
414 1766 461 1816 τις
484 1744 692 1840 ἄμαρτωλῇσι
717 1744 816 1828 φίλων
840 1742 896 1808 ἐπὶ
920 1752 1022 1808 παντὶ
1046 1743 1178 1828 palaico,

362 1849 494 1918 οὔποτ’
520 1847 564 1917 ἄν
587 1841 736 1935 α’λλήλοις
760 1846 899 1938 ἄρθμιοι
922 1848 998 1916 οὐδὲ
1023 1851 1109 1934 φίλοι

362 1969 435 2023 elev.

309 2061 479 2127 Facillime
508 2061 626 2126 talium
658 2060 888 2147 exemplorum
919 2081 1080 2125 numerus
1111 2081 1152 2124 ex
1183 2060 1266 2124 libro
1291 2060 1366 2124 Cor-

204 2169 312 2234 sennii
346 2168 461 2253 angeri
496 2174 613 2253 potest,
649 2166 707 2232 sed
730 2168 798 2232 iam
832 2167 914 2232 haec
937 2168 1120 2245 mittamus,
1144 2188 1220 2231 curn
1244 2166 1367 2231 talibus

206 2274 491 2352 similitudinibus,
516 2295 602 2359 quae
618 2273 729 2339 nullae
746 2280 834 2356 suut,
850 2274 1059 2359 comprobari
1076 2295 1144 2338 non
1167 2295 1264 2358 posse
1289 2294 1366 2337 eum

205 2383 264 2467 qui
288 2381 409 2447 librum
436 2390 466 2446 Β
488 2381 692 2466 conscripsit,
719 2380 802 2446 libro
825 2390 860 2448 A
875 2401 975 2444 usum
991 2402 1062 2445 esse
1085 2380 1128 2445 ad
1152 2401 1229 2444 suos
1253 2400 1370 2446 versus

204 2487 374 2553 iaciendos
397 2487 477 2552 satis
500 2486 765 2552 demonstratum
789 2487 985 2552 existimem.

767 2773 809 2839 ΙΙ.

312 2898 377 2964 Sed
393 2897 520 2964 accedit
536 2898 637 2963 aliud.
664 2898 837 2984 Leguntur
852 2897 888 2962 in
904 2897 988 2962 libro
1004 2904 1035 2961 Β
1052 2897 1201 2981 quinque
1218 2897 1369 2975 disticha,

208 3026 294 3091 quae
318 3006 354 3069 in
378 3006 486 3091 priore
510 3026 644 3091 quoque
668 3004 751 3070 libro
776 3010 962 3070 occurrunt.
988 3003 1073 3067 Cum
1089 3004 1157 3067 iam
1173 3003 1265 3067 diua
1290 3003 1372 3069 viris

207 3112 312 3178 doctis
336 3112 507 3198 cognitum
521 3099 575 3190 sit,
593 3133 634 3176 ex
658 3111 739 3197 ipsis
762 3111 912 3178 versibus
936 3110 1082 3196 repetitis
1099 3116 1253 3174 naturam
1270 3110 1372 3174 totius

209 3219 420 3297 collectionis
452 3239 538 3303 quae
571 3217 775 3303 Theognidis
807 3239 931 3282 nomeu
960 3218 1033 3295 lert,
1068 3216 1192 3302 optime
1227 3217 1372 3301 perspici

208 3347 315 3412 posse,
341 3331 373 3390 et
389 3325 576 3410 complures
599 3325 667 3389 iam
691 3325 778 3389 hanc
792 3324 1002 3410 singulorum
1019 3345 1177 3390 versuum
1202 3330 1260 3387 aut
1283 3323 1372 3387 disti-

208 3433 347 3498 chorum
384 3431 613 3517 repetitionem
647 3432 684 3496 in
718 3432 826 3517 priore
861 3431 944 3496 libro
979 3431 1143 3516 explicare
1173 3430 1371 3509 studuerint,

207 3540 275 3605 iam
310 3559 437 3617 versus,
473 3539 531 3623 qui
565 3539 601 3603 in
636 3545 779 3624 utroque
815 3537 898 3603 libro
927 3537 1155 3615 inveniuntur,
1186 3538 1373 3602 accuratius

208 3645 436 3731 inspiciamus.
483 3644 569 3710 Sunt
592 3652 705 3710 autem
728 3645 780 3710 hi:

316 3775 346 3819 v.
375 3753 547 3817 1151-52
578 3759 775 3838 repetuntur
807 3758 881 3837 post
906 3753 989 3816 1238
1013 3751 1213 3831 (secundum
1237 3752 1287 3816 ed.
1313 3752 1371 3831 IV,

208 3882 240 3945 p.
256 3859 276 3924 l.
297 3858 448 3947 Bergkii)
464 3881 495 3925 v.
515 3859 668 3923 597-„98
693 3864 772 3923 suut
786 3857 875 3923 idem
892 3880 931 3924 ac
950 3859 1131 3936 1243-44,
1148 3881 1180 3924 v.
1200 3860 1373 3924 1101--02

209 3971 405 4052 repetuntur
435 3971 511 4051 post
541 3965 635 4043 1278,
671 3965 760 4050 quod
795 3964 960 4031 distichon
992 3965 1155 4050 Bergkius
1185 3965 1220 4028 in
1244 3972 1373 4029 textum

210 4073 287 4139 libri
312 4081 343 4138 Β
365 4093 434 4137 nou
457 4072 589 4157 recepit,
616 4093 677 4137 neo
700 4072 813 4144 minus
842 4072 954 4137 omisit
978 4094 1007 4138 v.
1033 4072 1196 4150 949--50,
1226 4073 1374 4156 quiante

213 4180 297 4244 1279
322 4185 408 4245 etv.
437 4179 597 4277 llOl--8,
623 4178 681 4264 qui
705 4184 780 4264 post
807 4179 891 4244 1318
915 4185 1118 4264 repetuntur.

316 4303 427 4388 Atque
458 4304 578 4368 horum
613 4303 749 4388 quidem
782 4303 1000 4368 distichorum
1029 4305 1177 4389 primum
1202 4304 1374 4369 Bekkerus

208 4411 245 4479 in
269 4409 352 4475 libro
370 4419 400 4475 Β
415 4410 587 4495 expunxit,
605 4410 767 4495 Bergkius
784 4410 819 4474 in
836 4416 929 4475 textu
941 4411 1077 4476 retinuit
1093 4411 1175 4475 haec
1191 4417 1372 4476 annotans:
