3158 5122
679 272 898 336 ..14-

203 467 355 535 versibus
380 469 532 533 933-34
557 489 612 533 eos
629 468 855 552 coniungeret,
879 467 938 552 qui
953 487 1069 532 versus
1093 473 1180 533 certe
1204 488 1274 531 non
1291 473 1377 532 sunt

200 576 348 662 'Pyrtaei¹
353 592 374 664 1,
400 575 582 641 diiudicare
606 596 674 639 non
698 596 846 660 possum.

310 684 382 748 Iam
407 689 538 748 transeo
574 682 617 747 ad
648 680 893 747 enumerandos
916 702 1032 746 versus
1065 680 1205 760 Solonis,
1239 681 1300 766 qui
1334 681 1374 744 in

201 789 425 875 Theognideis
441 791 667 855 inveniuntur.
704 789 757 852 Ex
774 788 926 855 versibus
943 789 1092 853 153-54
1106 789 1259 858 Clemens
1272 787 1372 852 Alex-

204 897 366 962 andrinus
390 897 622 961 hexametrum
646 898 752 972 affert,
770 917 847 961 cum
864 895 984 960 Strom.
1002 895 1061 974 VI,
1075 896 1139 961 740
1162 895 1244 960 hacc
1261 895 1372 962 dicat:

203 1008 352 1084 Σόλωνος
376 1007 411 1071 δὲ
436 1003 644 1092 ποιήσαντος·
673 1017 772 1072 τίκτει
794 1006 858 1094 γάρ
880 1005 972 1091 κόρος
996 999 1103 1091 ύβριν,
1130 1002 1177 1070 ἴτ’
1201 1001 1245 1070 ἂν
1269 1001 1373 1082 πολύς

202 1109 298 1193 ύλβος
322 1119 450 1199 ἕπηται,
477 1110 659 1201 ἄντικρυςὸ
677 1121 799 1192 θέογνις
821 1113 945 1198 γράφει·
964 1123 1063 1178 τίκτει
1086 1138 1136 1178 τοι
1160 1112 1251 1198 κόρος
1273 1108 1373 1199 ὕβριν

203 1217 250 1287 ὅτ’
269 1215 312 1287 dv
329 1224 420 1307 κακῷ
437 1219 531 1299 ύλβος
548 1225 678 1305 ἕπηται.
703 1218 789 1283 Cum
805 1218 848 1282 sit
863 1217 1075 1302 perspicuum
1090 1238 1159 1281 non
1169 1215 1210 1280 ab
1227 1222 1374 1301 utroque

206 1334 303 1411 pocta
327 1325 492 1391 distichon
516 1325 724 1390 simillimum
743 1326 927 1409 prolcctum
953 1344 1033 1401 esse,
1059 1323 1204 1388 dubitari
1227 1329 1371 1408 poterat,

205 1439 319 1496 ulrum
346 1431 460 1496 Soloni
487 1452 530 1496 an
553 1431 739 1516 Theognidi
770 1437 921 1495 nostrum
955 1430 1122 1496 distichon
1151 1428 1372 1494 tribuendum

206 1540 257 1617 sit,
283 1539 365 1603 dum
381 1538 472 1617 liber,
491 1539 549 1624 qui
565 1537 757 1603 inscribitur
768 1532 952 1625 Ἀθηναίων
968 1541 1115 1605 πολιτεία
1138 1543 1267 1602 certum
1283 1537 1373 1601 testi-

206 1646 360 1711 monium
392 1644 488 1710 nobis
520 1644 674 1729 praebuit
697 1644 827 1709 Solonis
860 1665 930 1708 esse
964 1644 1025 1708 hos
1057 1665 1183 1722 1111111,
1218 1664 1303 1727 quos
1334 1643 1373 1707 in

205 1753 312 1837 111111
338 1752 420 1816 111.
447 1773 472 1817 c.
500 1752 694 1817 coniunctos
725 1772 802 1817 oum
833 1752 894 1836 lrg.
920 1753 939 1816 6
963 1751 1095 1836 (Bergk)
1119 1750 1269 1835 legimus
1317 1750 1373 1813 Ex

207 1859 331 1923 maiore
344 1859 449 1942 elegia
461 1858 601 1935 Solonis,
616 1879 702 1942 quae
719 1858 848 1941 integra
864 1856 955 1942 apud
971 1856 1151 1921 Stobaeum
1167 1857 1236 1921 flor.
1255 1856 1315 1934 IX,
1328 1857 1373 1920 25

207 1973 306 2044 extat,
324 1965 449 2051 sumpti
466 1972 545 2030 sunt
558 1987 588 2031 v.
603 1965 757 2028 ‘rur-32
782 1963 882 2041 (idem
906 1985 944 2029 ac
960 1984 1075 2029 versus
1093 1965 1222 2028 71-76
1238 1964 1300 2047 lrg.
1320 1962 1375 2050 13)

206 2080 239 2138 11
262 2094 377 2138 versus
401 2073 555 2136 581-90
578 2071 680 2150 (idem
712 2092 751 2136 ac
775 2094 804 2135 v.
831 2072 961 2135 tta-70
985 2070 1133 2135 eiusdem
1167 2070 1372 2155 fragmenti).

206 2183 317 2257 Quam
334 2179 474 2263 elegiam
492 2200 607 2244 revera
623 2178 781 2263 scriptam
798 2199 868 2242 1111
886 2199 906 2241 1
922 2176 1041 2242 Solone
1059 2178 1151 2241 testis
1174 2183 1224 2240 est
1239 2182 1374 2260 praeter

208 2287 388 2352 Stobaeum
402 2285 426 2369 ²)
450 2285 652 2363 Aristoteles,
677 2285 768 2371 apud
791 2306 891 2370 quem
916 2285 1036 2369 legitur
1058 2284 1125 2349 Pol.
1144 2284 1170 2363 Ι,
1184 2285 1237 2361 3,9
1261 2282 1374 2374 ὥσπερ

205 2397 316 2462 Σόλων
353 2406 430 2480 φησὶ
454 2395 592 2481 ποιήσας
616 2396 757 2463 πλουτου
787 2387 915 2461 ὄόύόἑν
946 2404 1047 2481 τέρμα
1072 2412 1098 2456 e.
1125 2414 1155 2477 q.
1181 2413 1217 2470 1.,
1242 2397 1274 2456 11
1298 2390 1374 2455 Plu·

208 2502 352 2577 tarchus,
383 2501 442 2585 qui
470 2498 571 2565 habet
594 2500 634 2565 da
662 2521 736 2585 cup.
762 2500 855 2565 divit.
887 2500 926 2564 4:
957 2497 1041 2568 ὅθεν
1064 2494 1103 2569 εύ
1133 2501 1214 2588 πρὸς
1243 2500 1377 2578 τούτους

207 2613 354 2676 λέλεκται
382 2607 452 2675 tul
492 2617 551 2676 τοῦ
593 2609 749 2687 Σόλωνος·
780 2608 924 2676 πλούτοιο
958 2607 1086 2676 ὄόύύὲν
1109 2619 1211 2696 τέρμα
1236 2626 1263 2671 e.
1289 2628 1319 2690 q.
1347 2626 1373 2670 1.

210 2716 336 2780 Versus
353 2715 504 2780 315-18
522 2714 652 2778 Solonis
668 2735 739 2779 esse
755 2713 990 2799 comprobatur
1002 2715 1073 2779 loco
1085 2713 1264 2791 Plutarchi,
1282 2712 1376 2797 apud

213 2844 313 2908 quem
338 2823 395 2888 vit.
421 2821 485 2886 Sol.
511 2842 581 2906 cap.
607 2822 627 2885 3
651 2821 789 2906 legitur:
815 2820 866 2889 ύτι
890 2824 918 2888 δ’
942 2821 1046 2891 αύτόν
1069 2830 1105 2890 ὲν
1127 2827 1166 2920 τῇ
1189 2829 1254 2888 τῶν
1277 2818 1375 2907 πενή-

212 2957 276 2998 των
300 2931 406 3018 μερίδι
429 2932 555 3015 μᾶλλον
570 2928 592 3016 ἢ
615 2936 655 3028 τῇ
677 2937 744 2997 τῶν
767 2933 928 2996 πλουσίων
952 2930 1077 3007 ἔταττε,
1102 2930 1204 3016 ὄῆλύτ·
1225 2930 1313 2996 ἔστιν
1336 2928 1375 2994 ἐκ

212 3038 343 3105 τούτων·
375 3039 494 3102 Πολλοὶ
522 3038 585 3126 γάρ
609 3057 636 3114 1,
661 3058 692 3121 q.
718 3059 742 3101 s.
789 3036 841 3100 Ex
871 3035 1021 3101 eiusdem
1049 3035 1125 3100 libri
1155 3056 1226 3120 cap.
1253 3036 1282 3112 2,
1313 3033 1375 3098 ubi

209 3144 347 3229 legitur:
377 3144 524 3212 Πλούτον
554 3146 582 3210 δ’
608 3144 665 3212 ούκ
693 3145 897 3230 ἐθαύμαζεν,
930 3145 1015 3211 οἷλλοὶ
1051 3155 1105 3211 καὶ
1128 3154 1222 3228 φησὶν
1257 3138 1376 3222 ὅμοίως

210 3255 372 3327 πλουτεῖν,
398 3244 460 3340 alce
484 3252 584 3330 πολύς
608 3271 634 3315 a.
653 3272 684 3335 q.
702 3272 726 3315 s.
744 3271 850 3335 usque
867 3248 909 3314 ad
926 3252 1079 3339 ἁρμόδια,
1095 3248 1251 3335 cognosci
1266 3253 1377 3334 potest

211 3380 327 3423 vorsus
357 3359 507 3423 719-28
539 3357 669 3422 Solonis
704 3379 784 3436 csse,
812 3378 891 3422 nam
914 3380 945 3423 v.
972 3359 1123 3422 rus-28
1147 3378 1224 3422 cum
1248 3361 1376 3420 antece-

213 3464 368 3530 dentibus
392 3470 461 3529 tam
486 3471 554 3529 arte
579 3465 765 3544 cohaerent,
790 3470 827 3529 ut
850 3464 891 3529 ab
919 3465 960 3528 iis
985 3463 1114 3549 seiungi
1138 3484 1207 3527 non
1233 3462 1374 3548 possint.

319 3590 370 3654 Ex
394 3589 544 3656 versibus
569 3591 721 3655 793-96
738 3590 901 3676 posterius
925 3589 1089 3654 distichon
1113 3589 1149 3653 in
1172 3586 1377 3672 Anthologia

213 3697 364 3762 Palatina
379 3697 438 3775 IX,
457 3699 500 3761 50
517 3696 707 3761 Mimnermi
723 3697 859 3763 nomine
875 3697 1035 3761 traditum
1051 3702 1109 3775 est,
1134 3716 1202 3781 qua
1218 3694 1258 3759 dc
1274 3715 1377 3760 causa

213 3803 809 3890 priusquoquedistichon,quodcum
820 3804 1148 3890 sequenteartissime
1158 3803 1376 3867 coniunctum

321 4141 343 4210 ¹)
362 4143 455 4212 Bergk
473 4143 525 4211 hg.
546 4141 602 4199 Sol.
620 4147 654 4195 44
682 4142 729 4195 hos
760 4156 852 4196 11111111
881 4138 1106 4195 111111118011111
1134 4138 1289 4194 tribuendos
1317 4153 1376 4193 esse

215 4233 291 4287 (hell
322 4301 341 4371 ²)
360 4302 469 4357 Stobaei
498 4301 681 4358 testimonium
709 4317 762 4355 non
789 4302 903 4355 multum
932 4301 1124 4355 1111111111
1154 4298 1283 4367 sequitur,
1304 4300 1376 4365 quod

216 4411 241 4450 v.
262 4398 392 4460 585--90,
413 4409 477 4459 quos
496 4392 553 4459 ipse
589 4392 618 4445 in
638 4390 725 4458 elegia
743 4390 852 4459 integra
871 4389 977 4444 Solonis
995 4389 1102 4444 nomine
1122 4389 1226 4456 attulit,
1245 4387 1298 4441 alio
1318 4392 1376 4440 loco

216 4483 304 4555 (OXI,
325 4484 368 4551 16)
388 4481 539 4550 Theognidi
558 4480 664 4549 tribuit,
683 4481 715 4534 do
734 4495 786 4547 quo
805 4480 877 4533 infra
895 4478 961 4533 mihi
979 4480 1113 4549 agendum
1132 4476 1192 4532 eri-t.
