3158 5122
681 264 899 328 „16-

307 461 354 524 Hi
378 460 480 546 igitur
503 481 619 526 versus
643 458 717 522 libri
732 465 765 522 A
782 458 878 524 certis
900 458 1103 543 quibusdam
1127 457 1234 543 poetis
1268 456 1377 522 tribui

201 573 350 651 possunt,
374 567 465 644 alios
490 567 548 651 qui
581 566 661 631 viris
686 565 790 629 doctis
824 565 1048 650 suspicionem
1078 563 1308 649 praebuerunt
1343 569 1377 628 et

200 674 242 738 ab
266 675 338 739 aliis
362 674 435 739 aliis
459 673 564 759 poetis
587 672 702 737 tributi
727 679 805 736 sunt
827 672 882 736 hio
906 672 1031 737 omitto.

306 817 382 882 ,lam
397 817 614 901 inspiciamus
637 817 779 879 alterum
803 814 934 879 librum.
982 816 1033 879 Ex
1046 837 1113 900 quo
1136 838 1167 881 v.
1196 815 1375 881 1253—54

201 925 390 989 testimonio
419 924 587 996 Hermiae,
618 929 796 987 comment.
830 923 866 987 in
899 922 980 987 Plat.
1000 922 1139 987 Phaedr.
1167 923 1217 1001 78,
1256 922 1374 987 Soloni

200 1030 369 1096 tribuendi
394 1038 481 1109 sunt,
507 1052 715 1116 quamquam
738 1030 877 1114 paulum
901 1029 1067 1094 immutati
1091 1029 1127 1093 in
1144 1029 1373 1114 Theognideis

201 1140 365 1222 leguntur.
430 1136 583 1201 Dubitari
629 1144 740 1201 autem
781 1142 898 1221 potest,
938 1159 1021 1201 num
1062 1158 1205 1222 sequens
1233 1157 1373 1222 quoque

201 1245 376 1323 distichon,
413 1245 507 1309 cuius
540 1251 778 1328 argumentum
813 1252 862 1309 est
896 1244 1114 1322 simillimum,
1149 1244 1280 1309 Solonis
1318 1244 1371 1308 sit.

203 1352 284 1416 Mihi
320 1351 455 1436 quidem
489 1352 546 1417 vix
580 1351 735 1416 credibile
771 1351 903 1416 videtur
937 1352 1018 1416 haco
1055 1351 1121 1416 duo
1157 1351 1300 1416 disticha
1329 1352 1373 1417 ab

202 1458 316 1523 eodem
343 1464 441 1544 pocta
464 1459 551 1523 laeta
584 1480 664 1533 esse,
701 1459 758 1523 sed
795 1459 970 1523 imitatoris
994 1481 1062 1523 non
1086 1459 1186 1523 nimis
1211 1457 1298 1523 docti
1326 1479 1373 1523 se·

202 1565 352 1630 eundum
371 1564 542 1630 'distichon
579 1586 649 1629 esse
674 1572 764 1650 puto.
822 1565 899 1630 lam
922 1565 1019 1630 nobis
1054 1565 1223 1650 agendum
1255 1572 1304 1630 est
1330 1565 1373 1630 de

201 1696 232 1739 v.
262 1674 443 1750 1340-«50,
468 1671 650 1756 inquibus
674 1694 798 1736 nomen
837 1673 1008 1758 proprium
1033 1672 1214 1737 Simonidis
1237 1672 1372 1757 legitur,

202 1801 286 1864 quos
311 1801 371 1865 ego
397 1779 439 1843 ob
462 1779 549 1844 hanc
577 1800 713 1844 oausam
738 1801 805 1844 non
838 1781 949 1844 minus
984 1801 1087 1864 quam
1110 1801 1227 1845 versus
1250 1779 1373 1865 prioris

202 1887 286 1965 libri,
311 1887 345 1950 in
371 1886 493 1971 quibus
518 1887 574 1950 illa
604 1886 781 1971 appellatio
812 1887 964 1963 occurrit,
989 1887 1105 1951 Eueno
1129 1887 1226 1951 Pario
1250 1886 1373 1951 maiori

201 1993 345 2059 vindico.
406 1993 491 2057 Cum
526 1993 578 2056 his
613 1993 734 2057 nostris
771 1993 922 2059 versibus
946 1994 1094 2059 Oorsenn
1127 2015 1202 2078 pag.
1231 1994 1270 2057 19
1294 1993 1373 2057 libri

202 2101 334 2185 saepius
358 2100 485 2164 laudati
508 2107 666 2184 quattuor
700 2122 815 2165 versus
852 2100 1084 2166 antecedentes
1119 2099 1373 2185 coniungendos

204 2229 274 2272 esse
298 2215 420 2284 censet,
445 2228 522 2271 cum
555 2206 596 2271 ad
631 2207 916 2291 comprobandam
944 2207 1143 2272 sententiam
1168 2229 1264 2271 suam
1287 2207 1373 2271 haec

187 2316 337 2383 afferat:
366 2314 536 2377 »Primum
561 2314 650 2378 enim
675 2314 846 2399 aptissime
870 2315 961 2399 pergi
986 2320 1114 2399 poterat
1137 2321 1212 2399 post
1235 2314 1373 2379 v.1344

205 2421 315 2486 verbis
339 2423 544 2508 παιδοφιλεῐν
568 2424 608 2488 δέ
628 2450 658 2488 τι
682 2433 821 2511 τέρπνον
845 2428 926 2500 etc.;
960 2443 1038 2486 nam
1063 2422 1145 2486 haee
1170 2426 1218 2485 est
1242 2427 1372 2485 senten-

204 2531 268 2593 tia:
288 2550 496 2613 <piamquam
513 2528 639 2594 invitus
656 2529 778 2592 multas
794 2529 933 2593 iniurias
953 2529 1119 2614 perpetior
1135 2549 1212 2593 nam
1230 2550 1250 2593 a
1266 2549 1373 2613 puero

205 2636 343 2699 minime
376 2635 517 2699 deformi
550 2635 658 2700 victus
693 2642 927 2700 summtamen
963 2635 998 2699 id
1033 2635 1213 2700 dicendum
1248 2656 1373 2720 pueros

205 2764 317 2807 amare
342 2763 412 2806 esse
436 2742 541 2819 dulce,
567 2748 655 2820 etc.;
681 2742 801 2807 deinde
824 2764 903 2808 vero
926 2742 1029 2808 verba
1052 2741 1169 2812 olimae
1194 2740 1284 2823 κάγώ
1308 2748 1371 2807 etc.

205 2850 276 2914 sine
301 2849 401 2913 dubio
426 2848 598 2914 referenda
622 2856 700 2914 sunt
731 2848 774 2913 ad
798 2849 900 2915 verba
923 2844 962 2919 od
983 2847 1046 2939 γάρ
1070 2852 1123 2917 ἐπ’
1148 2854 1277 2940 αἰκελίῳ
1300 2854 1370 2927 eto;

205 2963 305 3041 atque
330 2957 431 3022 verba
453 2955 537 3026 οὕτω
560 2953 604 3045 μή
631 2958 789 3043 θαύμαζε
822 2957 927 3021 multo
958 2957 1069 3042 aptius
1091 2956 1249 3022 videntur
1281 2955 1372 3020 dicta

205 3085 286 3132 csso,
312 3064 339 3127 si
363 3063 536 3128 referenda
558 3085 693 3148 quoque
723 3069 802 3127 sunt
832 3063 874 3127 ad
897 3063 1000 3129 verba
1033 3069 1118 3140 alar,
1143 3060 1263 3143 παιδός
1293 3065 1368 3152 ἐρῶ.

206 3171 322 3256 ltaque
346 3192 405 3255 pro
433 3176 521 3235 certo
551 3170 717 3234 affirmare
747 3170 856 3235 ausim
879 3193 909 3237 v.
939 3171 1110 3235 1341-50
1134 3191 1204 3235 esse
1234 3170 1371 3235 coniun-

205 3278 324 3361 genda,
357 3278 551 3362 praesertim
582 3299 659 3342 eum
684 3299 726 3342 ne
757 3278 921 3362 scriptura
948 3277 1084 3363 quidem
1109 3277 1231 3342 codicis
1260 3277 1371 3362 prohi-

206 3386 354 3462 beamur,
372 3384 552 3469 quominus
575 3383 611 3448 id
626 3384 798 3463 iaciamus,
817 3384 897 3469 quia
920 3406 998 3449 eum
1015 3384 1163 3467 singulas
1187 3384 1370 3449 sententias

206 3513 274 3556 non
298 3491 502 3576 distinguere
526 3491 605 3556 satis
629 3497 786 3556 constat«
836 3491 995 3556 Extremo
1018 3491 1081 3555 hoo
1105 3497 1302 3577 argumento
1326 3512 1370 3555 ex

206 3598 329 3664 codicis
364 3598 527 3682 scriptura
561 3599 663 3683 petito
699 3598 836 3663 omnino
871 3597 956 3662 nihil
990 3597 1123 3683 probari
1153 3598 1369 3684 perspicuum

206 3712 265 3785 est,
302 3727 379 3770 nam
416 3726 492 3770 cum
528 3705 563 3769 in
599 3705 711 3771 codice
746 3712 862 3770 omnes
897 3705 1020 3790 elegiae
1044 3706 1203 3770 continuo
1227 3705 1369 3789 scriptae

206 3813 303 3899 sint¹)
328 3834 365 3877 eo
389 3818 475 3877 certe
488 3833 557 3876 non
573 3813 798 3897 prohibemur,
816 3812 996 3897 quominus
1020 3812 1101 3877 alios
1117 3834 1252 3897 quoque
1272 3833 1369 3896 quos-

207 3920 287 3985 libet
319 3941 434 3987 versus
465 3920 719 4004 coniungamus,
767 3919 830 3984 Sed
867 3940 908 3983 ne
941 3919 1069 4004 reliqua
1099 3920 1245 4004 quidem,
1281 3940 1369 4004 quae

208 4030 356 4091 Corsenn
380 4028 486 4103 affert,
511 4026 651 4110 probare
675 4047 822 4111 possum,
848 4047 927 4090 nam
950 4047 981 4090 v.
1012 4027 1181 4090 1341-44
1205 4026 1289 4090 nihil
1312 4026 1368 4090 eli-

208 4134 297 4198 undc
314 4133 497 4218 requirunt,
523 4133 580 4197 sed
603 4156 662 4219 per
686 4154 720 4198 se
743 4133 834 4197 huno
850 4132 1016 4217 optimum
1039 4154 1175 4197 sensum
1192 4133 1367 4218 praebent:

208 4351 521 4359 ..-—-.-...—-————-..

316 4473 336 4546 ¹)
355 4474 388 4530 el.
407 4472 437 4526 F.
458 4472 602 4529 Nietzsche
620 4472 648 4527 in
667 4473 739 4530 Mus.
758 4472 845 4528 Rhen.
865 4472 916 4527 rol.
936 4477 969 4526 22
988 4489 1049 4543 pag.
1071 4477 1129 4526 162.
