3158 5122
630 242 903 361 ·-39-

207 488 276 572 egit
311 488 486 554 Nietzsche
521 490 541 554 1.
566 512 592 555 1.
630 512 704 577 pag.
734 492 796 558 189
820 514 862 571 ss,
897 493 957 579 qui
992 492 1185 573 rectissime,
1221 501 1259 559 ut
1292 495 1376 560 mihi

207 593 349 674 videtur,
389 596 632 664 demonstravit
666 598 769 664 verba
807 596 857 667 ὅτι
888 608 951 684 μὲν
985 614 1195 690 παραινέσεις
1230 623 1257 667 1.
1292 622 1324 688 q.
1350 623 1374 669 1.

205 702 353 767 maxime
377 703 509 769 differre
532 703 575 769 ab
599 705 655 783 eis,
681 727 768 791 quae
791 707 1000 775 antecedunt.

313 846 482 923 Quoniam
517 853 630 913 autem
664 847 761 914 nobis
795 851 931 915 nonsit
965 851 1125 936 quaestio,
1160 873 1247 937 quae
1276 852 1378 918 luerit

205 954 315 1040 patria
329 954 544 1040 Theognidis,
568 977 630 1021 neo
650 978 717 1041 quo
735 978 824 1021 anno
841 963 940 1022 natus
957 957 999 1023 sit
1022 979 1083 1024 nec
1107 959 1223 1044 quales
1246 965 1278 1024 et
1294 965 1377 1045 quot

205 1083 323 1128 versus
358 1066 489 1147 praeter
519 1063 769 1148 gnomologiam
800 1064 843 1129 ad
871 1065 1023 1150 Cyrnum
1058 1066 1235 1152 scripserit,
1271 1073 1375 1132 totam

205 1175 336 1255 partem
359 1169 504 1255 priorem
528 1191 654 1249 eorum,
679 1192 766 1257 quae
790 1171 852 1236 sub
876 1193 957 1237 voce
981 1173 1187 1257 Theognidis
1211 1172 1302 1259 apud
1318 1173 1376 1239 Su·

205 1276 305 1342 edam
334 1276 487 1362 legimus,
521 1298 625 1363 quam
648 1278 703 1343 1111
737 1279 984 1364 antiquioribus
1015 1281 1244 1364 grammaticis
1267 1280 1375 1360 debet,

205 1384 262 1450 hic
286 1384 438 1450 omittere
454 1406 645 1471 possumus,
663 1387 858 1471 praesertim
876 1408 955 1452 curn
971 1388 1035 1454 viri
1052 1388 1150 1467 docti,
1168 1410 1377 1474 quamquam

204 1493 313 1557 multa
345 1492 414 1557 iam
437 1492 477 1557 de
501 1514 541 1557 ea
564 1492 840 1578 excogitaverunt
863 1500 895 1559 et
919 1496 1198 1580 conscripserunt,
1224 1496 1377 1561 nondum

205 1600 427 1679 consentiant,
444 1599 584 1685 quidde
605 1600 816 1685 grammatici
840 1601 951 1668 verbis
975 1601 1196 1666 iudicandum
1219 1603 1269 1670 sit.
1316 1602 1377 1669 Ac·

204 1706 353 1772 curatius
378 1713 491 1772 autem
523 1708 749 1773 examinanda
782 1708 915 1774 videtur
938 1731 1016 1794 pars
1047 1711 1219 1795 posterior,
1245 1732 1286 1775 ex
1309 1732 1378 1796 qua

204 1813 290 1900 quid
313 1813 433 1880 Suidas
456 1815 529 1900 ipse
552 1814 593 1880 de
616 1815 842 1900 Theognideis
866 1816 1074 1895 iudicaverit,
1099 1838 1281 1902 cognocere
1304 1840 1376 1903 pos·

204 1943 334 2000 sumus,
359 1921 451 2008 quod
466 1922 641 1987 Nietzsche
665 1923 791 2009 optime
814 1923 968 1989 ostendit.
1015 1925 1145 1989 Tamen
1169 1946 1239 1990 non
1262 1926 1378 1990 omnia

203 2028 380 2115 probanda
414 2030 582 2110 videntur,
612 2051 699 2116 quae
723 2031 775 2096 vir
797 2031 852 2096 ille
884 2031 1001 2097 doetus
1033 2053 1074 2096 ex
1096 2032 1160 2097 hoc
1184 2031 1306 2098 Suidae
1329 2033 1376 2118 ip-

204 2137 276 2201 sius
306 2136 431 2202 indicio
462 2136 640 2216 concludit,
673 2159 883 2223 quamquam
914 2140 944 2204 ei
971 2139 1035 2204 hoc
1068 2139 1213 2204 concedo
1238 2138 1377 2205 Suidam

202 2267 276 2308 non
300 2244 441 2310 scribere
460 2245 622 2329 potuisse:
640 2247 678 2314 ἔν
692 2257 779 2337 μέσῳ
803 2248 928 2316 τούτων
951 2259 1229 2337 παρεσπαρμέναι
1246 2262 1378 2337 praelat

203 2363 263 2419 καὶ
286 2355 436 2421 noidant
460 2353 582 2441 ἔρωτες,
600 2354 629 2418 11
652 2353 681 2418 11
705 2351 810 2418 codex
834 2354 1139 2432 11111111111111,
1164 2354 1200 2418 11
1224 2376 1292 2440 quo
1308 2377 1377 2420 non

202 2459 302 2524 aliter
324 2480 363 2524 ac
387 2481 478 2524 nunc
501 2459 537 2523 in
562 2460 747 2525 Mutinensi
770 2483 868 2526 musa
891 2461 1022 2547 poetica
1044 2462 1081 2526 in
1104 2462 1171 2526 fine
1196 2461 1377 2547 legebatur.

203 2567 285 2632 Non
309 2567 399 2632 enirn
422 2567 602 2632 verisimile
625 2568 709 2632 mihi
742 2568 884 2647 videtur,
909 2567 1049 2633 Suidam
1084 2570 1139 2634 cui
1162 2570 1198 2634 in
1221 2569 1379 2636 manibus

194 2696 315 2759 ,unum
342 2695 459 2740 eorum
486 2674 641 2740 codicum
664 2675 767 2741 111111
790 2676 967 2741 Nietzsche
990 2682 1096 2761 putat,
1121 2677 1181 2762 qui
1204 2699 1246 2742 ex
1268 2677 1379 2742 arche-

203 2789 298 2867 type,
319 2783 499 2860 fluxerunt,
524 2804 627 2867 quem
650 2783 705 2848 1111
722 2792 763 2862 X,
789 2784 964 2868 significat,
981 2784 1098 2868 paucis
1122 2782 1274 2850 versibus
1290 2804 1378 2848 ama-

204 2888 301 2954 111111
330 2888 406 2954 libri
430 2897 465 2956 A
487 2897 695 2955 commotum
727 2912 808 2969 esse,
833 2896 871 2956 ut
901 2897 971 2956 tam
1000 2890 1120 2956 acriter
1143 2897 1176 2955 et
1199 2911 1313 2956 severe
1337 2889 1378 2956 de

207 2996 435 3082 Theognideis
458 2997 629 3063 iudicaret.
677 2998 792 3063 Addas
821 3005 1001 3084 praeterea,
1033 2997 1123 3084 quod
1147 2998 1222 3083 ipso
1246 2998 1377 3063 saeculo

206 3102 348 3183 decimo,
389 3126 457 3189 quo
488 3111 639 3191 tempore
670 3104 810 3170 Suidam
844 3106 975 3170 lexicon
1010 3126 1111 3170 suum
1143 3105 1378 3190 conscripsisse

205 3211 387 3303 verisimile
416 3217 465 3276 est
501 3212 607 3278 codex
630 3212 831 3277 Mutinensis
855 3213 997 3297 scriptus
1022 3218 1078 3277 111.
1127 3213 1247 3277 Nonne
1277 3211 1379 3296 igitur

207 3319 317 3384 multo
340 3318 449 3404 magis
472 3326 727 3385 consentareum
752 3326 801 3385 est
815 3320 1074 3404 grammaticum
1097 3319 1194 3384 illum
1217 3318 1376 3398 codicem,

207 3426 269 3512 qui
291 3433 350 3491 aut
373 3425 490 3491 eodem
513 3433 573 3492 aut
594 3426 704 3513 priore
727 3434 877 3512 tempore
901 3426 1044 3512 scriptus
1069 3431 1148 3505 erat,
1181 3425 1376 3510 inspexisse,

209 3554 315 3618 quarn
340 3532 464 3598 librum
488 3533 668 3613 classisX.,
694 3535 889 3619 praesertim
913 3555 992 3599 cum
1015 3526 1128 3598 nullus
1151 3554 1268 3598 eorum
1292 3532 1377 3597 codi-

207 3662 297 3718 cum,
322 3641 379 3726 qui
405 3661 446 3705 ex
469 3641 570 3706 huius
586 3641 700 3707 classis
724 3641 906 3726 archetypo
929 3642 1109 3717 fluxerunt,
1127 3639 1257 3704 decimo
1280 3640 1377 3704 tertio

208 3747 342 3813 saeculo
365 3747 456 3832 prior
479 3748 548 3813 sit?
587 3747 769 3814 Reicienda
784 3747 886 3832 igitur
910 3746 991 3811 haec
1007 3746 1189 3811 Nietzschii
1213 3747 1378 3812 sententia

208 3854 295 3920 mihi
314 3854 449 3921 videtur
463 3860 496 3920 et
512 3855 789 3941 adstipulandum
804 3875 875 3920 esse
891 3860 972 3939 puto
990 3854 1187 3920 Hermanno
1201 3852 1377 3918 Schneide-

209 3962 287 4041 win,
311 3962 371 4047 qui
395 3983 470 4047 pag.
495 3963 537 4026 41
555 3962 796 4028 dissertationis
820 3983 900 4027 suae
916 3961 1039 4027 Suidae
1062 3960 1225 4025 iudicium
1249 3958 1292 4025 ad
1308 3980 1377 4026 ver-

210 4091 269 4136 sus
291 4069 367 4135 libri
383 4069 518 4134 alterius
535 4070 747 4135 referendum
764 4091 835 4136 1111
858 4075 978 4134 censet.
1027 4067 1092 4133 Sed
1108 4067 1272 4132 nonnulla
1288 4075 1376 4147 sunt,

211 4197 298 4262 quae
321 4197 375 4241 me
404 4176 603 4262 impediunt,
635 4178 817 4263 quominus
846 4176 1009 4242 rationem
1043 4173 1192 4260 probem,
1226 4196 1294 4260 qua
1322 4175 1377 4240 ille

211 4284 443 4349 difficultatem
474 4284 600 4350 solvere
631 4285 751 4364 studet,
785 4305 888 4370 quarn
918 4280 1079 4368 praebent
1114 4281 1217 4347 verba
1246 4275 1317 4350 ἀλλ’
1341 4282 1378 4351 ἐν

211 4404 297 4483 μέσῳ
320 4393 445 4460 τούτων
469 4412 495 4456 e.
521 4413 553 4476 q.
578 4413 602 4456 1.
651 4392 751 4456 Putat
783 4391 873 4456 enim
896 4390 951 4455 ille
974 4389 1010 4454 in
1034 4410 1072 4454 eo
1104 4387 1198 4467 libro,
1222 4388 1314 4474 quod
1341 4388 1377 4453 in

210 4498 369 4567 manibus
393 4498 602 4583 grammatici
626 4498 805 4585 Byzantini
828 4503 907 4577 1111,
931 4517 1001 4562 111
1024 4494 1120 4561 aliter
1144 4496 1241 4560 acin
1265 4494 1377 4562 codice
