3158 5122
798 244 1074 360 -ss-'

324 511 408 575 nihil
432 510 511 575 certi
536 509 577 575 de
601 532 640 575 oa
663 510 772 575 dicere
797 508 943 595 ausim.¹)
988 508 1117 573 Tamen
1142 507 1210 571 iam
1244 508 1308 573 hoc
1336 508 1501 575 videmus

329 639 510 682 numerum
534 617 754 682 distichorum
779 617 986 702 singulorum
1012 616 1046 679 in
1071 614 1155 680 libro
1179 624 1214 682 A
1235 616 1458 701 repetitorum
1476 646 1499 683 α

325 746 466 789 numero
490 725 698 810 singulorum
723 723 952 799 distichorum,
978 744 1065 808 quae
1103 743 1193 787 nuuc
1227 723 1263 787 in
1287 723 1372 788 libro
1397 730 1432 787 B
1457 723 1498 788 le-

324 839 451 917 guntur
473 854 541 896 non
565 831 717 916 pluribus
742 853 844 916 quam
869 829 1000 895 duobus
1023 831 1076 896 vol
1099 829 1205 895 tribus
1228 829 1372 909 differre,
1406 853 1498 916 quae

325 939 481 1004 facillime
505 939 655 1004 excidere
679 940 836 1024 potuisse,
861 959 938 1003 cum
962 937 1066 1003 codex
1090 937 1289 1002 Mutinensis
1314 959 1354 1002 ex
1382 938 1496 1003 arche-

326 1053 406 1133 typo
429 1045 713 1120 transcriberetur,
739 1068 837 1111 uerno
861 1044 1006 1130 negabit.
1054 1044 1105 1108 Ex
1141 1051 1262 1109 natura
1296 1050 1411 1109 autem
1449 1045 1496 1110 rei

325 1153 409 1219 mihi
434 1153 528 1238 sequi
551 1152 685 1220 videtur
719 1152 921 1218 diorthotam
956 1152 1051 1216 illum
1086 1152 1121 1216 in
1156 1152 1265 1216 locum
1301 1152 1496 1237 longiorum

325 1261 514 1326 carminum
536 1261 775 1326 amatoriorum
799 1261 905 1325 rarius
930 1259 1011 1325 alios
1034 1281 1151 1326 versus
1175 1258 1395 1336 substituisse,
1415 1281 1495 1344 quo-

326 1369 418 1433 niam
441 1368 569 1433 homini
594 1390 662 1432 non
692 1368 793 1433 nimis
817 1367 923 1446 docto,
960 1388 1060 1452 quem
1096 1372 1208 1430 tamen
1245 1367 1378 1452 saepius
1414 1367 1496 1434 novi

326 1474 455 1561 aliquid
479 1475 514 1539 in
537 1475 689 1541 versibus
714 1475 862 1560 repetitis
885 1476 1004 1539 afferre
1027 1473 1195 1539 studuisse
1229 1472 1498 1561 demonstravi,¹)

326 1582 491 1647 difficilior
514 1604 566 1647 res
589 1582 661 1649 visa
690 1588 747 1647 ost.

432 1689 526 1754 Haec
549 1690 616 1754 lere
640 1695 690 1754 est
712 1710 788 1754 mea
811 1689 851 1753 de
875 1687 1027 1753 versibus
1050 1689 1086 1752 in
1109 1685 1333 1773 Theognideis
1368 1688 1498 1754 iteratis

326 1802 358 1862 et
381 1793 424 1861 de
447 1796 584 1874 ratione,
610 1817 696 1881 quae
719 1796 806 1861 inter
829 1795 952 1860 librum
976 1804 1010 1862 A
1033 1803 1066 1860 et
1098 1794 1221 1859 librum
1247 1804 1278 1860 Β
1300 1795 1496 1875 intercedat,

326 1903 499 1969 sententia.

881 2100 938 2168 Vl.

432 2207 614 2292 Reliquum
638 2214 696 2286 est,
719 2214 757 2272 ut
780 2208 1022 2283 examinemus,
1047 2207 1216 2293 quomodo
1232 2208 1314 2272 haec
1330 2207 1500 2273 sententia

327 2337 404 2381 cum
428 2314 475 2380 eis
498 2315 693 2394 consentiat,
707 2337 793 2400 quae
809 2315 900 2400 apud
924 2314 1080 2399 antiquos
1105 2315 1280 2399 scriptores
1304 2314 1344 2379 de
1368 2314 1499 2400 Theog-

329 2421 408 2487 nide
432 2421 570 2507 eiusque
593 2422 686 2508 poesi
711 2421 831 2487 traditu
855 2421 1009 2507 legimus.

418 2528 467 2595 Αο
491 2529 639 2614 μείωμα]
663 2529 801 2615 quidem
824 2528 1053 2614 inspiciamus,
1079 2550 1166 2614 quae
1183 2528 1304 2594 Suidas
1328 2527 1390 2594 sub
1414 2550 1500 2596 voce

329 2642 463 2720 Θέογνις
487 2637 593 2716 offert,
618 2637 699 2722 quia
722 2636 846 2701 summi
870 2636 1031 2701 momenti
1067 2657 1138 2701 esse
1161 2635 1384 2703 videaturad
1408 2657 1499 2701 corn·

326 2743 536 2830 probandam
559 2764 670 2809 meam
695 2743 736 2808 de
760 2743 843 2808 libro
869 2753 900 2808 B
915 2744 1123 2808 sententiam.
1172 2743 1259 2808 Sunt
1274 2750 1394 2808 autem·
1402 2744 1503 2829 apud

327 2850 467 2915 Suidam
502 2850 600 2915 haec:
639 2854 773 2933 Θέογνις
808 2847 983 2938 Μεγαρεύς
1018 2858 1085 2918 των
1108 2852 1145 2919 ἐν
1168 2854 1301 2942 Σικελίᾳ
1326 2848 1500 2941 Μεγάρων

325 2959 467 3043 γεγονολς
490 2958 526 3023 ἐν
548 2966 589 3058 τῇ
612 2966 667 3026 νθ’
693 2960 884 3042 ὀλυμπιάδι,
921 2959 1068 3051 ἔγραψεν
1101 2960 1248 3040 ἐλεγείαν
1278 2965 1323 3038 εἰς
1345 2959 1420 3033 τούς
1444 2981 1500 3026 σω·

326 3074 450 3144 θέντας
473 3073 538 3133 τῶν
562 3072 768 3156 Συρακοσίων
790 3067 827 3133 ἐν
850 3073 892 3165 τῇ
914 3069 1095 3157 πολιορκίᾳ.
1120 3063 1251 3152 γνώμας
1279 3067 1320 3133 δι’
1350 3066 1500 3149 ἐλεγείας

326 3179 371 3251 είς
395 3173 458 3260 ε”πη
481 3174 532 3251 βω
554 3184 611 3240 καὶ
635 3175 717 3260 πρὸς
740 3171 866 3264 Κύρνον
889 3174 948 3241 τον
973 3176 1075 3243 αὑτοῦ
1094 3175 1258 3261 ἐρώμενον
1272 3174 1501 3259 γνωμολογίαν

331 3281 372 3347 δι’
397 3281 544 3363 ἐλεγείων
578 3289 635 3348 καὶ
670 3286 782 3370 ἑτέρας
814 3279 992 3368 ὑποθήκας
1027 3279 1274 3371 παραινεοικοῖς,
1312 3282 1353 3347 τοὶ
1379 3278 1499 3350 πάντα

326 3387 455 3465 ἑκτικῶς.
494 3383 565 3452 Ὅτι
588 3394 650 3473 μὲν
685 3399 895 3475 παραινέσεις
929 3387 1054 3482 ἔγραψε
1080 3394 1222 3471 Θέογνις,
1254 3390 1324 3455 ἄλλ’
1349 3387 1386 3455 ἓν
1409 3400 1500 3480 μέσῳ

325 3494 448 3561 τούτων
472 3506 749 3584 παρεσπαρμέναι
772 3507 906 3584 μιαρίαν
930 3509 984 3563 καὶ
1008 3496 1157 3563 παιδικοῑ
1181 3496 1293 3586 ἔρωτες
1317 3506 1373 3563 καὶ
1395 3493 1498 3574 ἄλλα,

327 3599 389 3670 ὅσοι
407 3603 424 3668 o‘
441 3602 594 3691 ἐνάρετος
611 3595 851 3692 α’ποστρέφεται
867 3609 947 3683 βίος.
994 3603 1044 3668 De
1061 3602 1185 3688 quibus
1201 3601 1311 3670 verbis
1328 3602 1500 3671 uberrime

337 3800 500 3810 ——n—--..
508 3804 514 3808 .
521 3804 524 3808 .
531 3803 571 3808 ....-
617 3803 640 3807 .--

434 3903 453 3972 ¹)
470 3904 600 3960 Dubitari
627 3903 710 3959 etiam
728 3910 817 3972 potest
844 3904 877 3959 dc
896 3921 921 3960 v.
944 3909 1090 3974 isos-56,
1110 3905 1143 3959 de
1162 3904 1259 3972 quibus
1278 3904 1408 3976 conteras,
1429 3923 1501 3977 quae

325 3993 383 4047 dixi
402 4010 465 4063 pag.
487 3999 528 4049 13.

435 4081 454 4150 ¹)
473 4083 537 4137 Veri
556 4100 609 4138 non
629 4082 760 4137 dissimile
786 4082 852 4137 mihi
880 4083 989 4139 videtur
1007 4081 1169 4138 diorthotam
1189 4082 1266 4138 illum
1286 4100 1338 4138 non
1358 4085 1446 4140 solnm
1466 4104 1501 4142 ex

325 4172 393 4239 ipsis
412 4170 594 4240 Theognideis
614 4188 707 4227 versus
726 4173 892 4242 repetivisse,
922 4189 987 4240 quos
1005 4172 1035 4226 in
1053 4172 1243 4228 amatoriomm
1263 4188 1389 4228 versuum
1408 4175 1501 4231 locum

326 4261 512 4331 substitueret,
540 4261 587 4316 sed
614 4261 697 4316 latius
726 4262 783 4317 eius
812 4269 897 4317 artem
917 4269 944 4316 et
963 4261 1126 4317 industriam
1147 4272 1276 4332 vagatum
1296 4279 1362 4333 esse,
1382 4279 1446 4319 cum
1466 4282 1501 4321 cx

326 4352 439 4405 aliorum
459 4367 564 4419 quoque
582 4359 721 4419 poetarum
740 4353 921 4421 elegiaeorum
950 4350 1113 4406 carminibus
1139 4368 1232 4406 versus
1260 4352 1415 4407 intextum
1434 4356 1502 4411 reei-

325 4448 408 4509 peret.
446 4440 507 4495 Hoc
526 4442 602 4495 ruodo
621 4441 735 4497 fortasse
761 4457 854 4497 versus
883 4445 1014 4513 933-·38,
1035 4441 1068 4495 de
1088 4441 1186 4511 quibus
1205 4457 1266 4511 pag.
1289 4446 1321 4495 13
1340 4443 1393 4513 egi,
1415 4447 1502 4517 expli·

326 4530 381 4585 cari
399 4536 519 4598 possunt.
