3158 5122
682 303 897 369 „42-

205 502 297 567 locus
321 502 550 567 difficultatem
585 499 728 586 praebet.
776 500 862 565 Cum
893 501 984 565 enim
1015 506 1133 565 notum
1164 500 1216 578 sit,
1250 522 1379 586 »quam

206 608 355 674 studiose
378 608 572 674 Athenaeus
596 607 631 672 id
655 629 754 693 saepe
778 608 890 693 egerit,
909 613 948 672 ut
970 608 997 673 si
1021 629 1090 693 qua
1112 605 1203 672 labes
1228 614 1316 673 esset
1340 609 1377 672 in

206 738 417 781 summorum
432 717 582 782 virorum
598 714 755 801 operibus
779 714 995 800 moribusque
1018 716 1053 779 in
1077 715 1186 781 lucem
1211 736 1286 780 eam
1303 737 1377 801 pro-

205 823 346 896 trahat«,
372 845 412 889 ex
429 846 467 889 eo
491 823 582 908 quod
598 823 659 887 hos
679 822 765 888 solos
777 844 894 887 versus
908 823 1014 900 affert,
1033 822 1187 888 nonnulli
1203 822 1267 888 viri
1285 822 1377 888 docti

205 930 441 995 concluserunt
470 929 580 995 nullos
611 929 694 994 alios
727 929 808 994 tales
832 951 949 995 versus
972 930 1008 994 in
1040 951 1079 995 eo
1109 929 1193 995 libro
1220 929 1375 1007 infuisse,

206 1037 264 1123 qui
296 1038 331 1101 in
358 1037 516 1103 manibus
540 1036 707 1102 Athenaei
739 1037 844 1123 erat¹),
869 1036 926 1101 alii
949 1037 1012 1102 hoc
1039 1043 1127 1102 certe
1156 1036 1273 1102 dicunt
1303 1037 1376 1102 fieri

203 1167 273 1209 non
299 1145 456 1230 potuisse,
474 1151 512 1209 ut
528 1144 721 1209 Athenaeus
744 1143 866 1209 librum
882 1151 914 1208 B
929 1142 1081 1232 legerit¹).
1118 1143 1288 1228 Equidem
1303 1165 1376 1209 sen·

206 1252 358 1330 tentiam,
389 1273 491 1337 quarn
524 1251 750 1339 Reitzenstein
783 1250 802 1314 l.
828 1272 854 1316 c.
880 1272 955 1337 pag.
991 1253 1033 1317 67
1057 1273 1135 1316 ann.
1161 1251 1190 1315 2.
1224 1251 1374 1336 protulit,

205 1367 330 1425 rectam
347 1381 417 1425 esse
435 1380 564 1437 censeo,
582 1358 795 1423 Athenaeum
812 1379 890 1424 cum
906 1358 1068 1444 exemplis
1085 1358 1258 1424 ostendere
1274 1359 1376 1424 vellet

205 1466 436 1552 Theognidem
453 1467 489 1530 in
502 1466 689 1551 voluptates
706 1487 851 1551 pronum
863 1466 975 1544 tuisse,
993 1487 1061 1550 qua
1074 1472 1144 1531 erat
1153 1465 1373 1550 malignitate,

205 1574 265 1638 has
290 1573 373 1639 duas
398 1574 519 1658 elegias
544 1573 586 1639 ob
610 1595 685 1638 eam
701 1573 808 1659 ipsam
827 1594 973 1651 eausam,
999 1572 1090 1658 quod
1113 1572 1217 1637 altera
1233 1571 1374 1637 alteram

205 1680 381 1766 exciperet,
406 1681 552 1766 elegisse.
600 1680 693 1745 Nihil
717 1680 819 1765 igitur
849 1680 969 1759 obstat,
995 1680 1077 1767 quin
1107 1680 1176 1745 iam
1207 1679 1374 1745 Athenaei

204 1786 412 1873 temporibus
442 1809 559 1854 versus
590 1787 743 1852 amatorii
772 1786 847 1852 libri
877 1795 909 1852 B
940 1787 1029 1852 intra
1060 1787 1210 1853 carmina
1241 1786 1318 1852 libri
1341 1795 1376 1855 A

204 1893 366 1981 iuerint³),
384 1894 578 1981 praesertim
592 1916 670 1960 eum
686 1895 743 1961 vix
755 1896 791 1959 in
807 1893 964 1960 omnibus
979 1893 1132 1961 versibus
1148 1893 1375 1979 Theognideis

205 2002 289 2067 duas
313 2001 434 2088 elegias
458 2002 620 2081 invenias,
645 2001 768 2087 quibus
792 2009 890 2088 poeta
913 2008 984 2066 tam
1007 2007 1119 2088 aperte
1143 2000 1232 2066 dicat
1255 2023 1291 2067 se
1307 2023 1374 2066 cor-

205 2109 298 2195 poris
321 2109 551 2195 voluptatibus
576 2108 727 2175 deditum
752 2131 832 2174 esse.
863 2109 963 2174 Nullo
981 2109 1071 2174 enim
1087 2108 1152 2174 alio
1176 2109 1248 2174 loco
1265 2114 1373 2194 poeta,

205 2223 371 2302 quantum
389 2238 450 2301 ego
467 2215 547 2295 vidi,
565 2216 606 2281 de
631 2237 665 2282 se
681 2217 754 2302 ipso
771 2215 893 2282 talibus
909 2214 1020 2282 verbis
1042 2238 1124 2281 usus
1141 2221 1243 2281 estut
1259 2222 1373 2281 nostro

205 2323 353 2388 carmine
387 2323 516 2409 potorio
545 2335 658 2412 γαστρὶ
686 2323 930 2413 χαριζόμενοθ),
965 2344 1026 2388 nee
1056 2323 1092 2387 in
1122 2322 1190 2388 ullo
1225 2323 1374 2388 carmine

207 2431 379 2510 amatorio
404 2451 447 2496 ne
470 2431 507 2495 in
530 2431 595 2497 illis
612 2431 760 2517 quidem,
778 2452 865 2515 quae
881 2452 973 2496 nune
996 2430 1030 2495 in
1055 2430 1139 2495 libro
1156 2440 1188 2497 B
1202 2436 1282 2495 sunt
1304 2437 1375 2496 tam

203 2544 317 2622 aperte
329 2537 410 2603 dicit
422 2560 456 2603 se
473 2559 655 2624 puerorum
671 2545 855 2603 amatorem
867 2560 948 2603 esse.
985 2538 1073 2602 Nam
1090 2537 1125 2602 in
1138 2538 1203 2603 illis
1216 2536 1375 2603 omnibus

204 2666 282 2710 cum
306 2651 434 2709 certum
457 2644 627 2730 quendam
653 2666 797 2730 puerum
820 2645 1011 2731 alloquatur
1034 2644 1194 2710 modestis
1221 2651 1254 2710 et
1277 2645 1376 2731 quasi

204 2752 352 2816 honestis
376 2750 486 2818 verbis
510 2775 592 2817 usus
615 2753 814 2838 plerumque
831 2752 872 2818 de
896 2753 1043 2818 amicitia
1066 2758 1197 2818 tantum
1215 2752 1374 2837 loquitur,

204 2859 259 2924 hic
283 2880 361 2924 eum
385 2859 474 2924 dicat
497 2881 532 2924 se
556 2881 634 2925 eum
658 2859 722 2924 alio
754 2866 852 2945 poeta
876 2859 916 2925 de
948 2881 1051 2945 puero
1082 2859 1222 2945 pulchro
1249 2865 1376 2927 certare

201 2966 298 3045 velle,
323 2968 471 3053 apparet
486 2988 564 3032 eum
596 2967 730 3052 impuro
760 2967 874 3053 generi
899 2967 1022 3032 amoris
1054 2967 1206 3033 deditum
1229 2967 1334 3033 fuisse
1342 2965 1374 3054 ⁵).

312 3180 331 3248 ¹)
351 3181 384 3236 ci.
404 3179 518 3236 Wellrer
536 3183 604 3249 prol.
623 3183 757 3253 LXXVI,
777 3183 924 3239 Nietzsche
945 3184 963 3237 l.
983 3201 1004 3238 e.
1025 3199 1087 3252 pag.
1109 3187 1167 3236 183.

310 3268 329 3336 ²)
347 3271 439 3326 Hiller
456 3273 474 3325 1.
494 3289 515 3326 o.
536 3288 597 3341 pag.
617 3277 677 3326 469.

310 3359 333 3427 ³)
351 3361 429 3430 Quod
449 3360 595 3416 Nietzsche
624 3362 656 3416 de
684 3361 748 3416 loeis
776 3360 922 3430 Athenaei,
948 3361 1045 3429 quibus
1072 3360 1119 3416 ille
1148 3362 1181 3415 de
1198 3360 1379 3418 Archeetrato

204 3448 271 3517 egit,
292 3448 366 3518 dicit,
387 3449 440 3504 alio
460 3452 517 3505 loeo
536 3451 656 3505 eiusdem
670 3451 809 3518 scriptoris
822 3451 856 3504 ab
874 3451 933 3518 ipso
947 3451 1104 3505 Nietzschio
1123 3452 1206 3505 allato
1225 3451 1378 3516 refutatur,

203 3554 263 3592 cum
293 3538 363 3593 enim
392 3538 551 3594 Athenaeus
579 3540 710 3609 tunsio
729 3546 753 3591 A
772 3540 861 3610 dieat:
891 3542 949 3611 mol
978 3538 1080 3592 τούτων
1099 3543 1179 3610 φησὶν
1197 3538 1380 3613 Ἀρχέστρατος

214 3626 293 3680 ’τῶν
316 3625 471 3699 ὀψοφάγων
489 3626 608 3689 Ἡσίοδος
627 3628 643 3695 ἢ
665 3634 784 3700 Θέογνις,
814 3630 837 3684 si
867 3637 943 3684 recta
971 3636 1042 3684 esset
1060 3630 1213 3685 Nietzschii
1239 3631 1272 3685 de
1295 3631 1378 3688 Theo·

205 3717 288 3786 gnide
318 3718 463 3789 sententia,
491 3727 649 3787 sequeretur
668 3719 839 3775 Athenaeum
871 3726 980 3787 putasse
1008 3719 1124 3774 Hesiodi
1152 3735 1258 3788 quoque
1285 3721 1379 3789 poesin

208 3823 280 3862 mere
300 3808 493 3863 sententiosum
507 3824 572 3866 esse.

316 3895 337 3964 ⁴)
355 3899 505 3953 Recurrere
524 3899 591 3953 haec
609 3899 692 3953 verba
711 3915 737 3956 v.
751 3903 803 3952 920
822 3916 875 3953 non
893 3915 936 3954 me
954 3899 1036 3969 fugit,
1056 3900 1103 3954 sed
1121 3905 1200 3968 poeta
1219 3899 1257 3955 ibi
1277 3901 1310 3955 de
1325 3899 1378 3955 alio

207 3986 313 4041 homine
332 3988 460 4055 loquitur.

316 4076 337 4144 Ι’)
357 4076 483 4132 Fortasse
511 4077 618 4146 longius
647 4092 752 4145 quoque
770 4077 894 4146 progredi
923 4093 1071 4145 possumus.
1108 4078 1211 4133 Versus
1237 4078 1301 4133 libri
1321 4086 1379 4134 Ra

213 4166 280 4221 libro
301 4172 325 4217 A
344 4166 450 4236 seiungi
468 4184 521 4221 non
540 4182 617 4235 posse
645 4168 691 4221 sed
715 4167 867 4235 antiquitus
894 4182 949 4221 una
977 4184 1036 4222 cum
1065 4183 1095 4223 eo
1113 4168 1229 4223 traditos
1247 4183 1306 4223 esse
1323 4169 1377 4223 iem
1408 4170 1412 4179 ’

201 4271 289 4323 supra
316 4271 378 4324 pag.
398 4260 430 4309 41
459 4256 579 4323 exposui.
625 4256 756 4310 Dubitari
783 4272 836 4311 non
855 4263 951 4327 potest,
972 4257 1038 4325 quin
1056 4255 1224 4326 Athenaeus,
1243 4258 1266 4312 si
1287 4274 1331 4315 eos
1349 4258 1377 4313 in

208 4344 276 4398 libro
296 4351 319 4394 B
338 4344 493 4399 coniunctos
522 4345 642 4414 legisset,
671 4362 731 4400 cum
751 4345 903 4414 Theognidi
922 4346 1084 4402 maledicere
1103 4347 1195 4417 vellet,
1214 4347 1295 4402 huius
1315 4347 1377 4402 libri

201 4434 364 4489 mentionem
375 4433 492 4492 iecisset.
514 4434 592 4505 Quod
603 4451 663 4489 oum
673 4452 726 4489 non
738 4435 823 4489 faciat
835 4451 923 4502 neque
933 4442 1024 4491 tamen
1033 4452 1127 4491 versus
1140 4435 1203 4491 libri
1214 4443 1237 4488 R
1247 4453 1263 4491 a
1276 4436 1345 4492 libro
1354 4443 1378 4488 A

203 4523 322 4592 separari
333 4530 455 4593 possunt,
472 4523 541 4578 nihil
571 4523 704 4592 reliquum
715 4540 773 4580 esse
784 4524 903 4593 videtur,
921 4524 974 4581 nisi
984 4532 1015 4581 ut
1026 4524 1162 4581 sententia
1173 4541 1233 4582 mea
1241 4525 1377 4594 probetur·
