3158 5122
685 281 903 346 ..23-

152 520 155 523 ’
205 497 264 560 fiir
287 496 360 560 eine
384 495 506 559 andere
524 494 620 560 Stadt
643 495 912 560 zurechtsehnitt.
950 496 1026 572 Qua
1049 494 1090 560 de
1106 515 1208 559 causa
1229 493 1377 559 Jordano

205 603 380 688 astipulor,
406 602 465 687 qui
488 601 646 666 lectiones
669 601 779 667 varias
804 607 836 666 et
864 601 1031 666 distichon
1058 601 1252 678 insiticium,
1269 600 1377 666 -euius

205 716 365 775 naturam
389 709 615 774 Reitzenstein
632 730 707 794 pag.
726 709 767 773 63
785 715 872 773 reete
896 708 1053 773 describit
1076 708 1128 773 his
1152 708 1278 776 verbis:
1300 708 1378 772 »der

205 823 313 882 matte
325 817 446 881 Zusatz
456 817 531 894 τούς
548 813 700 898 οἷγαθούς
715 823 776 903 μὲν
793 818 1010 905 ἀτιμοτέρους,
1025 817 1200 894 κακίουςόὲ
1212 813 1377 896 λαχόντας

205 933 304 1011 τιμῆς
328 923 399 988 und
431 923 528 987 mehr
555 923 643 987 noch
675 923 733 986 der
764 923 934 988 Fliokvers
964 921 1135 1010 purpuraria
1158 925 1186 989 δ’
1210 922 1246 989 ἐκ
1276 926 1377 990 κακοῦ

203 1028 468 1120 ἕσθλός,α’νήρ«,
494 1051 580 1114 quae
605 1031 729 1115 optime
753 1030 967 1094 consentiunt
989 1050 1068 1094 euin
1091 1029 1141 1106 iis,
1166 1050 1253 1113 quae
1270 1029 1378 1094 Oauer

203 1160 282 1224 pag.
309 1139 373 1202 533
399 1136 439 1201 de
464 1136 590 1201 eisdem
614 1136 765 1202 versibus
789 1135 899 1214 habet,
925 1136 1120 1215 diorthotae,
1155 1157 1256 1221 quem
1287 1135 1376 1214 dioit,

203 1244 332 1310 tribuit.
388 1244 462 1309 Hoc
493 1244 601 1309 solum
631 1243 754 1308 addam
786 1265 923 1309 versum
955 1243 1051 1307 illum
1079 1245 1251 1331 μνηστεύει
1285 1246 1313 1310 d’
1341 1245 1377 1310 ἐκ

207 1352 314 1421 κακοῦ
329 1353 450 1431 ἐσθλὸς
466 1350 548 1441 α’νήρ
568 1351 663 1415 facile
686 1351 756 1415 fieri
773 1351 920 1435 potuisse
933 1372 974 1414 ex
986 1350 1211 1433 'lheogrrideis
1226 1350 1377 1415 189-90

203 1471 264 1527 καὶ
290 1462 325 1527 ἐκ
349 1463 454 1526 κακοῦ
470 1460 590 1534 ἐσθλὸς
613 1457 738 1547 ἔγημεν,
757 1471 812 1525 καὶ
829 1459 927 1533 κακός
943 1460 980 1536 ἐξ
997 1461 1141 1541 ἀγαθοῦ,
1160 1456 1251 1542 quod
1268 1457 1377 1523 adhue

202 1567 296 1633 viros
320 1566 435 1631 doctos
459 1566 584 1650 fugisse
608 1565 748 1632 videtur.

313 1674 353 1737 ln
384 1696 415 1738 v.
450 1673 590 1749 ern-90,
623 1673 681 1757 qui
722 1678 797 1758 post
831 1673 915 1737 1082
949 1679 1154 1757 repetuntur,
1197 1674 1378 1758 posteriore

202 1782 279 1846 loeo
303 1781 345 1845 ab
377 1780 611 1865 interpolatore
635 1780 723 1845 inv.
751 1780 792 1844 87
826 1781 1013 1864 genuinum
1037 1779 1119 1879 ἄλλῃ
1143 1781 1179 1844 in
1205 1777 1316 1859 ἄλλος,
1342 1781 1377 1845 in

205 1911 241 1954 v.
259 1888 300 1952 89
312 1888 499 1972 genuinum
525 1887 544 1974 ἤ
566 1914 608 1973 με
631 1891 717 1975 φίλει
732 1888 767 1950 in
784 1885 871 1954 ἄλλα
889 1891 983 1974 φίλει,
1008 1888 1044 1951 in
1067 1910 1097 1953 v.
1117 1888 1378 1954 {revocaturum

203 1996 408 2060 inusitatum
433 1997 604 2082 ἀμφαδίην
626 1995 662 2058 in
686 1995 751 2059 vile
775 1997 944 2080 ἐμφανέως
967 2001 1135 2060 mutatum
1159 2017 1229 2060 esse
1252 1995 1379 2061 Jordan

206 2108 297 2167 reete
320 2101 455 2179 iudicat,
480 2122 627 2186 quocum
651 2103 815 2167 consentit
839 2102 946 2166 Cauer
969 2123 1043 2187 pag.
1069 2103 1143 2167 535.
1156 2102 1178 2189 ¹)

319 2228 359 2292 V.
385 2228 537 2291 213-18
562 2226 603 2291 ob
628 2248 702 2291 earn
726 2248 864 2291 oausam
888 2227 981 2312 digni
1006 2233 1093 2306 sunt,
1119 2250 1204 2312 quos
1228 2230 1377 2307 afferam,

204 2335 272 2420 qui
296 2335 398 2399 altero
422 2335 493 2399 loco
517 2357 548 2400 v.
578 2334 750 2398 rori-74
773 2335 990 2420 interpolator
1019 2357 1079 2420 pro
1103 2344 1175 2404 τοτὲ
1199 2339 1227 2403 δ’
1252 2339 1379 2417 α’λλοῑος

201 2445 288 2531 χρόα
311 2456 402 2526 γίνου
427 2442 558 2527 scripsit
579 2449 652 2508 τοτὲ
677 2443 703 2507 d'
730 2444 857 2522 α’λλοῑος
880 2445 980 2509 πέλεν
1004 2438 1110 2530 ὅργην,
1136 2443 1261 2528 quippe
1296 2443 1376 2528 qula

201 2549 408 2616 vocabulum
423 2547 505 2638 χρόα
519 2549 650 2613 omissis
667 2548 819 2614 versibus
833 2550 984 2615 alt-16
997 2549 1144 2635 intellegi
1155 2571 1223 2615 uon
1236 2556 1373 2636 poterat.

313 2675 354 2741 V.
380 2675 543 2753 elo-18,
569 2675 685 2759 quales
709 2680 788 2738 sunt
811 2675 873 2739 hoo
896 2675 1005 2760 priore
1030 2675 1110 2754 loeo,
1136 2675 1260 2761 optime
1284 2677 1375 2741 intel-

203 2782 272 2866 legi
296 2787 446 2868 possunt.
471 2802 549 2846 eum
573 2782 689 2866 quales
713 2788 792 2846 sunt
815 2783 995 2867 posteriore
1020 2783 1091 2847 loeo
1124 2788 1199 2867 post
1221 2805 1251 2848 v.
1281 2785 1375 2862 1164,

206 2911 346 2956 sensum
370 2909 439 2953 non
462 2888 652 2974 praebeant.
701 2889 766 2954 Sed
799 2890 938 2954 fortasse
963 2890 1090 2954 Cauero
1125 2890 1376 2955 assentiendum

205 3003 268 3074 est,
293 2997 352 3081 qui
376 3018 451 3082 pag.
469 2997 534 3061 539
559 2996 577 3060 l.
597 3019 622 3060 e.
649 2997 729 3061 dicit
752 2997 928 3061 lectionem
952 2997 1070 3061 falsam
1091 2999 1377 3087 παρατριβόμενός

205 3134 244 3173 τε
275 3126 335 3190 pro
367 3111 618 3194 παρατρίβομαι
642 3100 757 3188 ὥστεῖ)
781 3104 915 3169 librario
953 3103 1164 3168 tribuendam
1202 3126 1282 3183 esse,
1318 3106 1377 3189 qui

206 3233 319 3277 errore
351 3211 387 3275 iu
423 3210 589 3276 distichon
625 3213 785 3290 1105-6,
820 3212 910 3297 quod
943 3218 993 3276 est
1015 3218 1128 3276 nostro
1157 3212 1376 3290 simillimum,

205 3318 378 3385 incideret.
427 3318 513 3382 Cum
525 3324 637 3383 autem
651 3340 726 3384 mea
739 3319 876 3405 quidem
889 3319 1054 3384 sententia
1066 3319 1165 3384 etiarn
1179 3342 1208 3385 v.
1228 3320 1377 3385 1105—ss

206 3426 252 3493 ad
279 3426 470 3512 exemplum
486 3448 646 3491 versuum
662 3427 815 3491 417-18
833 3449 853 3491 a
876 3426 1043 3491 diorthota
1058 3427 1114 3491 illo
1139 3428 1208 3493 sive
1233 3427 1378 3492 diasceu-

207 3540 284 3600 asta
313 3533 392 3598 laeti
423 3533 499 3610 sint,
531 3534 613 3599 haee
649 3534 724 3619 ipsa
755 3534 821 3598 duo
855 3532 997 3598 disticha
1029 3535 1155 3618 optimo
1179 3540 1379 3620 argumento

208 3648 300 3719 sunt,
325 3662 428 3725 quam
452 3647 575 3705 temere
591 3641 645 3706 ille
669 3641 770 3706 homo
790 3641 955 3726 genuinos
979 3662 1095 3706 versus
1119 3648 1236 3726 poetae
1259 3641 1377 3706 immu-

208 3748 341 3815 taverit.
388 3748 491 3813 Plane
515 3755 628 3813 autem
652 3748 819 3814 reicienda
863 3748 947 3812 mihi
978 3748 1111 3813 videtur
1134 3747 1386 3814 Schneidewini

210 3949 526 3958 .--------..

322 4051 343 4121 ¹)
363 4052 441 4121 Quod
460 4051 520 4104 dico
533 4051 666 4104 Gauerurn
687 4066 746 4104 oum
759 4050 779 4104 J
781 4050 880 4104 ordano
894 4049 1053 4117 consentire,
1065 4066 1118 4103 non
1136 4049 1176 4102 ita
1194 4049 1379 4116 accipiendum

212 4151 266 4211 est,
285 4141 361 4208 quasi
381 4141 470 4195 (lauer
489 4156 593 4206 quoque
612 4139 702 4193 varias
721 4139 849 4193 lectiones
868 4138 1055 4205 interpolatori
1074 4137 1115 4191 illi
1133 4138 1248 4191 Jordani
1267 4138 1379 4195 tribuat.

212 4231 293 4287 Nihil
312 4230 385 4284 aliud
405 4229 494 4283 dicere
512 4229 573 4283 volo
592 4228 644 4281 nisi
664 4229 797 4283 Cauerum
817 4245 921 4296 quoque
941 4227 1068 4282 lectiones
1087 4225 1183 4295 prioris
1202 4227 1253 4280 looi
1280 4229 1379 4294 praele-

212 4321 312 4377 rendas
331 4335 446 4374 censere.

323 4407 345 4477 ¹)
363 4409 477 4464 leviores
505 4416 569 4462 sunt
596 4409 666 4463 aliae
695 4408 867 4462 diversitates
895 4406 978 4461 οὔτιν’
1009 4423 1056 4475 pro
1076 4403 1156 4458 οὐδέν
1175 4414 1203 4459 et
1222 4402 1290 4474 νόος,
1310 4407 1379 4479 quod

215 4501 299 4559 habet
317 4500 373 4557 cod.
394 4497 417 4553 0
436 4515 483 4568 pro
502 4495 590 4570 λόγος.
