3158 5122
682 262 999 346 -41-'

202 480 324 544 horum
348 501 505 545 versuum
531 502 552 544 a
575 479 715 544 Stobaeo
747 479 911 545 laudatur.
960 478 1024 544 Sed
1048 480 1172 545 nionne
1196 480 1258 547 hoc
1282 481 1371 546 idem

202 586 243 652 iis
267 587 392 673 opponi
415 594 532 672 potest,
558 587 616 672 qui
640 594 761 673 putant
784 609 901 653 versus
935 588 1124 652 amatorios·
1145 588 1214 652 iam
1238 588 1371 653 Stobaei

201 693 408 780 temporibus
432 695 556 759 librum
580 704 614 762 A
643 701 773 760 secutos
797 717 878 761 esso.
926 697 1014 761 Nam
1046 696 1108 760 hoc
1142 695 1233 760 nullo
1270 695 1370 761 modo

202 802 286 866 mihi
320 802 519 887 persuadere
557 825 693 888 possum
728 803 789 868 has
820 803 905 869 duas
941 803 1160 882 collectiones,
1193 824 1277 889 quas
1301 809 1370 868 tam

203 916 291 974 arcte
315 910 490 1002 cohaerere
521 909 757 988 demonstravi,
788 911 868 975 olim
901 909 1048 976 omnino
1075 916 1244 995 separatas
1268 911 1370 975 fuisse

203 1023 236 1083 et
259 1023 373 1102 postea
397 1018 493 1102 quasi
517 1040 596 1083 casu
621 1016 769 1103 quodam
785 1019 981 1083 coniunctas
1005 1039 1086 1082 esse.
1134 1017 1252 1102 Neque
1276 1038 1370 1102 argu-

202 1131 356 1190 mentum
379 1146 399 1189 a
423 1125 564 1210 Bergkio
589 1146 630 1189 ex
654 1125 770 1190 ordine
802 1147 959 1191 versuum
986 1124 1198 1189 laudatorum
1229 1125 1371 1211 petitum

202 1231 245 1296 ad
268 1232 399 1303 irritum
423 1231 520 1311 cadit,
545 1233 626 1318 quia
648 1232 729 1297 ordo
752 1233 958 1319 reliquorum
982 1253 1141 1298 versuum
1166 1232 1371 1317 Theognidc-

204 1360 301 1404 orum
325 1361 394 1404 non
430 1345 579 1405 mutatus
603 1346 661 1419 est,
686 1361 764 1405 cum
789 1340 931 1406 disticha
955 1340 1116 1405 amatoria
1140 1362 1159 1404 a
1183 1339 1299 1404 ceteris
1326 1324 1371 1405 se·

202 1446 429 1531 iungerentur.

310 1572 512 1657 Priusquam
541 1579 653 1639 autern
683 1574 886 1661 reliquorum
925 1575 1124 1659 scriptorum
1154 1573 1371 1659 antiquorum

202 1679 244 1743 de
270 1679 494 1764 'Pheognideis
525 1682 716 1746 testiinonia
738 1682 926 1747 accuratius
960 1681 1125 1759 examino,
1161 1680 1371 1745 afferendum

202 1786 287 1850 mihi
309 1785 451 1865 videtur,
477 1788 568 1873 quod
591 1788 699 1854 Hiller
721 1789 757 1852 in
781 1790 892 1853 annal.
917 1789 1031 1874 philol.
1057 1788 1120 1854 vol.
1140 1789 1180 1852 51
1207 1810 1281 1873 pag.
1305 1789 1370 1853 468

202 1893 244 1958 de
273 1894 336 1958 hac
365 1915 399 1959 re
423 1896 585 1980 exposuit.
642 1897 716 1962 Hoc
741 1897 810 1961 lero
840 1897 895 1961 ille
925 1896 1006 1961 dicit
1034 1896 1123 1961 viros
1158 1895 1281 1973 doctos
1312 1895 1371 1980 qui

201 2000 375 2086 explorare
399 2001 532 2080 vellent,
558 2025 625 2088 quo
640 2009 790 2090 tempore
814 2003 939 2089 sylloge
956 2010 1070 2069 nostra
1092 2005 1181 2067 lacta
1205 2002 1255 2080 sit,
1274 2024 1372 2088 saepe

201 2109 455 2192 perversissima
479 2111 606 2175 ratione
630 2132 707 2176 usos
736 2132 817 2189 esse,
851 2091 928 2176 curn
959 2112 986 2176 si
1016 2111 1058 2175 ab
1094 2110 1207 2195 aliquo
1239 2116 1372 2175 auctore

201 2215 373 2300 Theognis
400 2216 447 2281 ita
478 2216 679 2297 laudaretur,
713 2224 752 2283 ut
790 2219 1006 2283 manifestum
1040 2218 1082 2282 sit
1116 2238 1193 2281 eum
1224 2222 1372 2280 nostram

203 2321 434 2388 collectionem
446 2331 505 2389 aut
516 2347 586 2390 non
604 2324 736 2392 novisse
754 2333 813 2390 aut
824 2332 911 2391 certe
928 2347 996 2390 non
1012 2323 1200 2408 Theognidi
1217 2323 1372 2388 tribuisse

201 2429 442 2495 concluderent
465 2431 589 2497 librum
606 2440 758 2498 nostrum
775 2440 849 2498 tum
865 2419 1003 2498 omnino
1020 2431 1173 2496 nondum
1197 2430 1370 2496 exstitisse.

203 2537 282 2612 Qua
304 2537 339 2601 in
363 2559 398 2602 re
421 2538 550 2604 Hillero
573 2540 672 2625 plane
703 2541 883 2619 assentior;
908 2562 976 2605 non
1008 2540 1099 2604 enim
1129 2560 1263 2603 necesse
1293 2543 1372 2613 erat,

203 2644 233 2708 si
257 2665 364 2709 unum
388 2645 440 2711 vel
465 2647 638 2732 complura
661 2648 865 2732 exemplaria
888 2648 1006 2712 talium
1024 2647 1238 2731 syllogarum
1264 2645 1373 2731 qualis

203 2758 318 2816 nostra
341 2759 399 2830 est,
424 2753 460 2817 in
483 2753 686 2839 quibusdam
703 2754 912 2819 bibliothecis
928 2761 1031 2832 erant,
1057 2776 1096 2818 ea
1120 2753 1277 2819 omnibus
1294 2758 1373 2817 nota

203 2858 308 2923 luisse
332 2865 364 2924 et
387 2859 428 2924 ab
453 2860 609 2926 omnibus
632 2884 693 2947 pro
716 2862 873 2946 genuinis
896 2861 1120 2957 Theognideis
1152 2860 1267 2925 habita
1290 2881 1370 2924 esse.

314 2967 440 3042 Quodsi
466 2968 568 3053 igitur
591 2969 766 3034 Nietzsche
790 2991 864 3055 pag.
895 2970 984 3033 laos
1008 2975 1095 3033 recte
1119 2989 1160 3032 cx
1190 2967 1316 3032 Juliani
1341 2973 1373 3032 ct

205 3072 320 3157 Cyrilli
344 3073 424 3139 locis
448 3075 617 3140 concludit
640 3076 686 3141 eis
710 3099 778 3141 non
803 3084 918 3141 notam
949 3077 1052 3140 luisse
1083 3081 1231 3140 nostram
1260 3075 1372 3139 collec-

204 3180 341 3259 tionem,
375 3203 416 3246 ex
449 3203 487 3247 eo
518 3204 586 3247 non
617 3184 768 3269 sequitur
798 3191 873 3270 post
903 3185 1023 3248 horum
1049 3183 1204 3248 virorum
1222 3189 1373 3267 tempora

205 3309 282 3353 eam
293 3290 512 3375 compositam
526 3312 606 3355 esse.
639 3291 722 3355 Mihi
739 3291 876 3376 quidem
893 3291 999 3357 multo
1016 3289 1223 3355 virisimilius
1240 3289 1372 3354 videtur

204 3395 274 3460 iam
297 3395 509 3462 Athenaeum
533 3403 648 3463 nostra
674 3398 799 3484 sylloge
831 3421 930 3464 usum
962 3421 1042 3472 esse,
1068 3398 1148 3482 quia
1172 3397 1214 3474 Χ,
1227 3397 1315 3461 4280
1339 3418 1369 3461 v.

204 3504 358 3567 477-87
384 3511 417 3569 et
441 3505 521 3570 VIII
545 3507 641 3571 3640
664 3529 694 3572 v.
720 3506 783 3590 loz
818 3513 850 3571 ct
879 3513 1008 3591 partem
1033 3526 1150 3570 vorsus
1179 3505 1255 3581 469,
1287 3526 1371 3588 quos

205 3633 276 3676 non
293 3618 426 3697 aposta
444 3613 632 3698 Megarensi
648 3614 752 3678 factos
770 3635 840 3678 esse
858 3613 916 3679 sed
929 3613 1047 3678 Eueno
1063 3612 1161 3676 Pario
1177 3609 1372 3675 tribuendos

206 3741 278 3784 esse
309 3741 411 3806 supra
441 3719 678 3799 demonstravi,
703 3720 908 3806 Theognidis
940 3720 1077 3785 nomine
1107 3720 1211 3783 affert.
1260 3717 1370 3793 (luam

206 3827 407 3892 sententiam
432 3848 469 3892 eo
486 3849 621 3914 quoque
637 3828 847 3914 comprobari
864 3850 960 3914 posse
977 3828 1141 3903 existimo,
1166 3824 1258 3910 quod
1273 3823 1371 3888 Athe·

206 3956 311 4000 naeus
338 3934 453 4000 eodem
480 3935 551 4000 loco
576 3935 659 4000 duas
684 3935 806 4020 elegias
822 3936 911 4014 citat,
929 3957 1015 4021 quae
1031 3935 1067 3998 in
1091 3932 1212 3997 nostris
1236 3952 1371 4016 quoque

206 4040 500 4127 Theognidcorum
524 4042 617 4107 libris
640 4043 786 4108 eundem
802 4042 913 4108 locum
930 4042 1091 4106 obtinent.
1128 4039 1265 4123 Legitur
1281 4039 1371 4102 enim

206 4150 253 4215 sic
283 4148 375 4236 apud
398 4149 610 4215 Athenaeum
634 4150 709 4228 VII,
726 4151 792 4216 310
808 4160 860 4215 A:
879 4145 942 4218 'Ha
959 4152 994 4217 δὲ
1018 4157 1075 4215 καὶ
1099 4151 1116 4213 ὅ
1142 4151 1273 4230 Θέογνις
1297 4154 1372 4233 περὶ

205 4255 434 4345 ἡδυπάθειαν,
453 4254 495 4338 ὦς
519 4257 616 4339 αὐτος
639 4270 713 4349 περὶ
737 4261 840 4327 αὐτοῦ
863 4269 938 4346 φησι
954 4255 1009 4323 διά
1034 4283 1149 4323 τοιταν
1172 4253 1372 4340 (sequuntur

205 4388 236 4432 v.
263 4365 471 4451 997-1002)
487 4367 612 4434 οὐδὲτὸ
630 4368 864 4454 παιδεραστεῖν
880 4367 1108 4432 ἀπαναίνεται
1125 4362 1141 4429 o‘
1158 4359 1253 4444 σοφὸς
1269 4355 1369 4438 οὗτος.

206 4478 291 4560 λέγει
319 4480 397 4558 γοῦν
427 4471 602 4559 (sequntur
624 4496 655 4539 v.
681 4473 854 4558 993-96).
903 4471 968 4537 Sed
995 4472 1096 4536 aliam
1128 4470 1183 4535 hio
1207 4467 1371 4532 Athenaei
