3158 5122
603 283 823 348 ,15-

127 484 186 557 θεῖ,
218 478 327 544 eidem
359 483 475 564 poetae
504 477 719 543 tribuendum
752 485 809 544 θεῖ.
857 479 926 544 Νθθ
957 478 1052 544 aliter
1073 478 1292 543 iudicandum

127 584 1292 670 estdev.ltili—22,exquibusStobaeusCXVI,34versus1020-22

126 693 319 758 Mimnermi
342 692 479 757 nomine
510 694 615 757 affert.
662 693 712 757 De
745 692 809 757 alio
833 699 945 757 autem
969 693 1111 757 disticho
1142 692 1292 757 eiusdem

126 806 243 885 poetae
261 799 353 886 apud
370 798 550 864 Stobaeum
567 800 660 877 XLI
685 799 815 877 tradito,
844 800 936 885 quod
962 800 997 863 in
1027 800 1170 864 editione
1195 800 1291 885 Berg-

126 907 230 972 kiana
259 929 290 972 v.
319 907 491 971 irat-28
515 907 636 992 iegitur
659 913 691 971 et
720 908 815 971 cuius
838 907 972 971 initium
998 907 1209 992 deperditum
1232 913 1290 986 θεῖ,

128 1014 274 1079 hicnon
299 1014 531 1080 disserendum
562 1020 620 1090 est,
645 1035 723 1079 cum
754 1037 822 1079 uon
852 1015 888 1078 in
916 1014 1085 1079 codicibus
1110 1020 1207 1093 extet,
1233 1014 1291 1078 sed

125 1142 251 1186 errrore
276 1122 381 1186 Grotii
405 1121 440 1185 in
463 1126 592 1186 textum
616 1120 776 1185 librorum
801 1127 971 1206 receptum
995 1121 1046 1185 sit.

231 1265 336 1329 Paulo
369 1264 534 1329 difficilior
565 1270 614 1328 est
636 1265 787 1348 quaestio
811 1264 852 1328 de
875 1264 1027 1330 versibus
1051 1265 1168 1328 Eueno
1192 1265 1290 1329 Pario

124 1371 353 1436 attribuendis.
400 1371 537 1455 Legitur
560 1371 650 1436 enim
672 1393 703 1436 v.
728 1372 793 1434 472
817 1379 889 1439 πᾶν
911 1374 974 1459 γάρ
990 1375 1173 1456 ἄναγκαῑον
1196 1381 1289 1462 χρῆμ’

123 1476 260 1569 ἀνιηρόν
269 1478 336 1560 ibo.
350 1478 478 1554 Quodsi
488 1499 563 1543 cum
572 1478 740 1543 hocversu
750 1477 1028 1563 comparabimus
1038 1500 1124 1562 quae
1135 1479 1291 1562 leguntur

123 1584 224 1650 Arist.
258 1586 402 1670 Metaph.
428 1585 521 1663 [V,5
550 1585 587 1652 td
619 1587 680 1673 yda
712 1592 824 1665 βίαιον
855 1585 1037 1670 ἀναγκαῖον
1068 1589 1206 1668 λέγεται,
1238 1587 1289 1651 διὸ

124 1705 181 1759 καὶ
212 1695 366 1782 λυπηρόν,
400 1688 508 1781 ὥσπερ
538 1704 593 1759 καὶ
626 1691 752 1779 Εὔηνός
789 1714 872 1779 φησι·
905 1700 983 1761 Πᾶν
1012 1691 1075 1783 γάρ
1107 1693 1290 1775 ἀναγκαῖον

122 1805 246 1889 πρᾶγμ’
278 1796 419 1888 ἀνιαρόν
450 1800 518 1883 ἔφυ,
549 1820 618 1863 non
648 1798 886 1876 dubitabimus
919 1800 1002 1884 quin
1035 1799 1143 1863 eidem
1173 1805 1289 1883 poetae

123 1913 264 1991 uterque
279 1928 396 1972 versus
413 1904 610 1970 tribuendus
627 1906 678 1983 sit,
703 1927 782 1970 uam
799 1906 978 1970 discrimen
994 1907 1061 1970 iore
1078 1907 1209 1970 nullum
1227 1913 1288 1970 θεῖ.

126 2013 241 2078 Oritur
272 2014 373 2098 igitur
408 2014 569 2097 quaestio
606 2019 689 2098 quot
717 2034 834 2078 versus
869 2034 910 2076 ex
943 2013 1216 2077 antecedentibus
1257 2020 1289 2077 et

123 2118 340 2205 sequentibus
358 2141 435 2185 cum
452 2142 482 2186 v.
501 2121 565 2184 472
589 2119 816 2205 coniungendi
840 2120 915 2184 sint.
942 2121 1158 2205 Quamquam
1175 2127 1287 2184 autem

122 2227 187 2293 viri
211 2227 298 2292 docti
313 2227 411 2292 valde
435 2227 644 2305 dissentiunt,
662 2233 775 2291 utrum
792 2248 908 2292 versus
931 2228 1084 2291 rer-96
1108 2249 1211 2292 unam
1227 2227 1287 2290 ele-

121 2333 212 2418 giam
231 2334 377 2398 eifioiant
394 2373 435 2381 —-
452 2333 544 2418 quod
568 2333 640 2399 vult
663 2334 772 2418 Bergk
789 2373 815 2380 —
847 2355 891 2397 an
915 2335 948 2397 in
975 2335 1162 2418 complures
1180 2340 1289 2418 partes

123 2440 302 2505 dirimendi
326 2442 402 2520 sint,
427 2441 517 2526 quod
549 2442 700 2505 iecerunt
722 2440 860 2518 Bekker,
886 2440 1047 2518 Welcker‚
1072 2440 1230 2524 Hartuug
1253 2440 1289 2503 in

121 2546 332 2628 editionibus
357 2548 398 2613 de
417 2548 561 2613 Leutsch
584 2549 620 2612 in
636 2547 719 2611 Phil.
738 2548 801 2613 vol.
820 2548 921 2611 XXX
945 2569 1019 2632 pag.
1038 2549 1101 2612 662
1115 2569 1157 2625 ss,
1174 2554 1287 2611 tamen

121 2675 238 2719 omnes
256 2655 444 2720 concedunt
459 2677 575 2721 versus
591 2656 745 2720 esi—74
758 2655 844 2719 int-er
858 2677 892 2718 se
908 2655 1092 2719 cohaerere.
1118 2654 1187 2718 Nec
1202 2654 1287 2717 mihi

121 2760 162 2826 de
186 2761 340 2840 Leutseh,
366 2762 467 2847 quil.
491 2784 516 2827 c.
535 2761 702 2827 uberrime
726 2761 766 2825 de
790 2763 853 2826 hac
877 2761 982 2845 elegia
999 2762 1075 2846 egit,
1101 2768 1187 2826 recte
1205 2761 1286 2824 iudi·
1316 2843 1318 2847 Ι

120 2889 212 2932 casse
235 2868 377 2947 videtur,
395 2869 454 2954 qui
478 2876 592 2934 contra
609 2868 796 2933 Aristotelis
820 2869 1049 2933 testimonium
1072 2868 1135 2933 hoc
1152 2890 1287 2933 carmen

123 2974 328 3060 Theognidis
352 2997 422 3041 θεεθ
446 2976 626 3054 contendit,
653 2975 711 3040 sed
734 2976 916 3060 Bergkium
939 2977 1050 3061 potius
1078 2975 1287 3060 sequendum

120 3103 192 3147 esse
216 3087 308 3168 puto,
326 3084 385 3168 qui
403 3083 520 3148 Eueno
537 3084 634 3148 Pario
657 3083 776 3147 maiori
800 3090 930 3148 nostros
954 3105 1070 3149 versus
1094 3082 1287 3147 tribuendos

124 3210 195 3255 esse
219 3189 367 3279 censer).
395 3190 526 3254 Summi
550 3196 663 3254 autem
686 3191 849 3255 momenti
873 3196 931 3269 est,
957 3190 1047 3274 quod
1071 3191 1106 3253 in
1129 3191 1182 3253 bis
1205 3190 1286 3274 ipsis

121 3297 273 3363 versibus
297 3319 421 3362 nomen
445 3296 627 3361 Simonidis
651 3295 747 3362 nobis
775 3298 926 3376 occurrit,
952 3296 1137 3383 quiaillud
1162 3318 1283 3360 nomon

121 3404 296 3489 proprium
318 3404 440 3468 iterum
461 3404 498 3468 in
513 3403 597 3468 libro
621 3413 656 3470 Α
678 3426 708 3470 v.
735 3406 797 3470 667
815 3405 993 3470 invenitur.
1032 3405 1107 3480 Qua
1130 3403 1170 3467 de
1187 3424 1287 3467 causa

120 3517 207 3575 recte
236 3510 320 3574 mihi
344 3511 506 3596 Bergkius
530 3532 605 3575 eam
632 3533 767 3597 quoque
791 3511 931 3597 elegiam
954 3534 984 3578 v.
1010 3511 1162 3576 667-82
1187 3511 1286 3574 conti-

120 3623 268 3697 nentem,
285 3618 380 3682 cuius
396 3618 432 3681 in
444 3618 542 3683 initio
559 3640 683 3683 nomen
700 3618 881 3683 Simonidis
897 3619 1027 3704 iegitur,
1044 3617 1153 3682 eidem
1170 3624 1285 3702 poetae

121 3724 312 3790 attribuisse
324 3725 465 3791 videtur.
490 3724 553 3789 Oui
565 3746 720 3790 assensus
737 3732 787 3790 est
797 3725 837 3791 de
850 3725 1091 3791 Leutsch'Phil.
1105 3725 1169 3812 voi.
1184 3724 1285 3788 XXX

120 3853 198 3918 pag.
224 3833 288 3897 233
312 3833 408 3898 novis
440 3833 646 3917 argumentis
670 3855 739 3897 non
770 3833 901 3912 additis,
934 3833 1025 3918 quod
1048 3839 1134 3896 certe
1161 3832 1285 3896 mirum

123 3940 230 4007 videri
253 3946 371 4026 potest,
388 3940 550 4025 quoniam
565 3940 655 4005 idem
671 3941 723 4005 vir
738 3940 855 4005 doctus
870 3941 1011 4005 alterum
1026 3940 1137 4004 locum
1153 3960 1173 4003 a
1189 3938 1284 4003 nobis

123 4053 311 4127 tractatum,
336 4069 403 4133 quo
428 4047 616 4113 Simonides
640 4048 835 4134 appellatur,
860 4049 977 4112 Eueno
1000 4046 1176 4112 abiudicat.

123 4284 436 4294 —————-——

230 4404 250 4472 l)
270 4403 304 4458 ef.
323 4403 523 4458 annotationem
543 4403 600 4458 eius
618 4405 652 4457 ad
671 4421 696 4458 v.
717 4408 793 4458 467-
806 4408 839 4458 96
858 4410 887 4459 θῖ
906 4419 974 4472 quae
992 4420 1018 4472 p.
1039 4404 1055 4458 l.
1075 4405 1127 4461 vol.
1154 4404 1193 4459 ΙΙ.
1224 4420 1285 4472 pag.

123 4494 172 4548 271
184 4510 210 4547 ss
229 4495 261 4547 de
281 4494 374 4547 Eueno
392 4493 473 4546 Pario
491 4493 592 4547 maiore
611 4501 638 4546 et
657 4494 758 4547 minore
777 4494 900 4561 exposuit
919 4493 961 4548 vir
979 4495 1082 4550 doetus.
