3158 5122
590 287 786 351 ..9-.

105 481 229 561 hibere,
254 489 421 566 postremo
450 483 592 547 eandem
623 505 691 547 rem
717 490 835 568 quater
867 481 977 549 verbis
1007 484 1042 549 in
1073 486 1267 552 universum

106 589 202 654 dictis
225 590 410 675 exprimere
433 611 530 675 posse
547 598 809 655 consentaneum
833 598 889 655 est.
931 591 997 656 Sed
1012 593 1078 656 iam
1096 594 1269 658 mittamus

105 697 188 761 haec
212 704 244 761 et
267 702 472 763 revertamus
495 696 537 761 ad
555 705 703 762 nostram
719 698 782 762 loci
804 698 1120 783 interpretationem.
1158 700 1269 765 Verbo

105 805 263 893 πράσσειν
286 804 367 868 alias
384 826 518 889 quoque
535 812 649 890 poetas
674 805 714 870 de
738 827 849 870 amore
874 806 923 870 uti
940 806 1036 872 docet
1058 808 1269 872 10011οΤ1100-

107 911 180 975 criti
203 911 245 988 Π,
260 912 331 988 143,
357 910 415 975 11111
440 911 575 996 legitur:
602 911 756 1001 ἐπράχθη
774 913 815 979 τοὶ
839 926 985 997 μέγιστοι.
1024 914 1150 979 Eodem
1170 936 1269 979 sensu

106 1017 196 1082 idem
222 1023 320 1102 poeta
342 1039 423 1082 usus
448 1026 497 1083 est
521 1019 622 1085 verbo
646 1020 736 1088 α’νύω
760 1020 849 1097 193,
875 1020 933 1084 ubi
958 1028 1025 1085 est:
1051 1018 1129 1090 ἄνυε
1155 1019 1271 1109 πικρόν

106 1126 220 1215 ἔρωτα.
267 1125 337 1190 Nec
360 1125 502 1192 verbum
525 1130 627 1194 τελεῖν
651 1127 798 1192 alienum
823 1149 893 1192 csse
917 1150 937 1192 a
965 1129 1023 1192 tali
1054 1151 1118 1194 usu
1152 1128 1272 1194 docent

106 1255 137 1297 v.
167 1233 347 1312 lasa-vc,
372 1232 430 1298 ubi
453 1234 588 1319 legitur:

267 1356 394 1434 Παιόὂς
416 1359 492 1450 ἔρως
516 1361 614 1441 καλὸς
636 1369 697 1445 μὲν
721 1362 816 1445 ἔχειν,
841 1358 939 1440 cattia
963 1365 991 1428 δ’
1017 1365 1225 1428 ἀποθέσθαι

268 1469 391 1534 πολλὸν
415 1469 441 1534 d’
467 1471 625 1556 εὑρέσθαι
649 1467 780 1566 ῥῄτερον
803 1465 824 1554 ἢ
846 1473 984 1534 τελέσαι.

216 1626 281 1691 Sed
304 1628 370 1692 iam
395 1628 458 1707 his,
483 1650 569 1714 quae
604 1629 709 1705 attuli,
746 1630 952 1713 argumentis
987 1630 1066 1694 satis
1102 1630 1185 1693 mihi
1221 1629 1272 1693 de-

109 1741 312 1799 monstrasse
335 1735 452 1800 videor
474 1736 528 1820 agi
544 1737 580 1800 in
603 1736 666 1800 hac
690 1736 794 1821 elegia
818 1736 858 1800 de
882 1759 1010 1814 amore;
1047 1758 1123 1801 oum
1160 1744 1271 1800 autem

108 1841 244 1905 initium
268 1841 338 1905 eius
362 1841 553 1908 inveniatur
575 1844 611 1907 in
634 1843 718 1907 libro
742 1853 781 1920 B,
807 1865 908 1929 quem
941 1851 1047 1908 totum
1083 1843 1123 1907 de
1160 1864 1272 1908 amore

108 1947 229 2034 puerili
253 1948 414 2033 scripturn
438 1970 509 2014 esse
532 1949 748 2028 ostendimus
775 1951 815 2015 de
838 1952 902 2016 hoc
925 1952 997 2037 ipso
1014 1972 1134 2034 genere
1151 1950 1273 2014 amoris

109 2055 232 2119 nostris
256 2076 390 2140 quoque
413 2056 564 2121 versibus
597 2063 730 2142 poetam
765 2058 858 2142 loqui
893 2059 1054 2122 existimo.
1104 2057 1273 2133 Quoniam

110 2167 224 2226 autem
247 2161 317 2226 fieri
340 2164 458 2247 potuit,
496 2171 532 2228 ut
565 2165 599 2228 in
633 2164 716 2229 libro
741 2175 772 2230 Β
794 2165 860 2229 (1110
884 2165 1034 2242 disticha,
1060 2185 1146 2248 quac
1181 2165 1215 2226 in
1240 2175 1273 2226 A

110 2274 242 2333 servata
272 2275 359 2345 sunt,
385 2270 583 2348 exciderent,
601 2271 783 2336 diiudicare
807 2294 875 2336 11011
899 2272 1015 2349 auden,
1041 2292 1108 2356 quo
1132 2270 1167 2334 in
1189 2269 1274 2334 libro

110 2375 217 2460 elegia
238 2376 424 2460 genuinum
448 2378 558 2442 locum
582 2378 771 2443 obtinuerit.

219 2537 298 2602 Post
320 2559 455 2604 versum
484 2540 566 2603 1318
589 2562 620 2606 v.
642 2541 723 2604 1107
731 2541 791 2604 —8
808 2541 947 2625 paulum
971 2539 1137 2604 immutati
1154 2539 1274 2602 iterum

112 2652 301 2710 occurrunt.
350 2645 413 2710 Sed
431 2646 639 2712 diversitates
655 2648 835 2712 lectionum
853 2647 974 2711 codicis
991 2658 1033 2721 Α,
1059 2646 1116 2731 qiu
1141 2647 1176 2709 in
1192 2645 1275 2709 libro

113 2762 148 2819 A
170 2751 282 2816 habet:
316 2756 418 2839 φίλοις
441 2758 459 2820 ὅ
482 2753 580 2828 πόνος
605 2754 697 2822 danici
722 2754 850 2823 παθών
872 2767 963 2839 γενοί
982 2781 1053 2840 μην,
1078 2754 1113 2817 111
1137 2753 1221 2816 libro
1248 2761 1277 2817 B

113 2877 194 2925 τοῖοι
218 2862 318 2944 φίλοις
343 2863 378 2927 δὲ
403 2860 503 2939 πόνος
536 2861 628 2930 δεινοὶ
664 2863 790 2930 παθών
813 2861 961 2947 γενόμην,
992 2861 1177 2927 levissimas
1206 2881 1276 2923 esse

114 2971 147 3029 et
177 2964 301 3029 librarii
326 2966 491 3032 erroribus
516 2969 673 3053 explicari
697 2991 793 3054 posse
818 2976 964 3054 apparet.
1013 2967 1276 3031 1100111111110111

114 3071 217 3137 dubio
241 3073 499 3157 relinquendum
532 3097 603 3140 esse
638 3082 728 3161 puto,
765 3082 879 3139 utrum
914 3075 1079 3139 distichon
1109 3073 1276 3157 inpriore

114 3201 158 3244 an
182 3179 217 3243 in
241 3180 420 3264 posteriore
444 3182 527 3247 libro
551 3183 737 3266 genuinum
761 3184 872 3247 iocum
888 3182 1045 3259 obtineat,
1070 3202 1276 3266 quamquam

114 3287 295 3353 verisimile
319 3287 401 3351 mihi
426 3311 493 3354 non
518 3289 650 3355 videtur
674 3289 840 3354 distichon
864 3311 904 3353 ex
935 3289 1018 3353 libro
1044 3299 1074 3354 Β
1095 3289 1131 3352 111
1155 3286 1275 3351 librum

115 3405 150 3462 A
172 3394 413 3479 transpositum
437 3417 516 3472 esse,
542 3418 620 3460 nam
645 3396 811 3461 antecedit
832 3397 992 3480 inpriore
1013 3394 1277 3459 librodistichon

115 3501 208 3586 quod
237 3501 350 3586 ipsum
382 3503 521 3586 paulum
555 3510 723 3568 mutatum
758 3503 935 3588 repetitum
971 3509 1020 3567 est
1053 3524 1093 3566 ex
1127 3500 1278 3566 versibus

116 3608 390 3673 antecedentibus
416 3607 591 3698 (etv-18)
617 3617 648 3676 et
672 3606 823 3695 sequitur
846 3609 1008 3694 elegiam
1033 3631 1100 3695 qua
1116 3615 1214 3694 poeta
1237 3607 1277 3671 de

116 3716 216 3782 rebus
240 3716 381 3802 publicis
405 3719 481 3802 agit.

225 3823 393 3900 Quoniam
407 3825 453 3890 sic
466 3826 616 3911 quinque
629 3825 779 3901 disticha,
793 3846 879 3909 quae
893 3824 968 3908 [11110
982 3824 1136 3887 11111111ον0
1149 3828 1277 3886 mutata

117 3932 153 3997 in
185 3938 327 4017 utroque
363 3932 446 3998 libro
477 3940 665 4011 occurrunt,
694 3931 980 4019 pertractavimus
1018 3930 1184 4014 reliquum
1219 3934 1276 4003 est,

119 4045 156 4104 ut
191 4038 232 4104 de
266 4039 307 4104 iis
339 4039 490 4105 versibus
526 4062 675 4124 agamus
717 4040 774 4124 qui
813 4039 920 4123 magis
953 4038 1039 4101 inter
1078 4058 1112 4101 se
1147 4036 1279 4100 differre

119 4146 284 4212 videntur.
333 4145 381 4210 Ac
415 4148 561 4232 primum
602 4146 737 4232 quidem
769 4145 938 4230 agendum
974 4144 1035 4209 orit
1065 4143 1105 4208 de
1129 4142 1279 4209 versibus

124 4254 313 4321 1353-562

280 4376 400 4468 Πινρός
422 4390 477 4445 κοιῐ
501 4377 615 4462 γλυκύς
638 4382 705 4446 ἔστι
730 4391 784 4447 καὶ
808 4375 974 4467 ἄρπαλέος
997 4388 1051 4443 καὶ
1077 4376 1212 4459 οἷπηνής.

278 4481 363 4576 ὄφρα
387 4488 506 4566 τέλειος
528 4484 573 4584 ἔῃ,
599 4488 711 4575 Κήρνε,
737 4497 855 4554 νέοισιν
877 4484 962 4574 ἔρως·
