3158 5122
793 253 1008 319 „40-

312 452 500 534 Mutinensi¹
527 458 601 538 post
636 450 852 537 Theognidea
885 450 1008 535 scripta
1039 451 1141 514 luisse
1166 449 1492 536 Bendopliocylidea

311 565 343 624 et
377 558 516 624 Suidam
549 581 666 625 ornnes
697 559 758 624 hos
792 579 908 623 vorsus
932 556 1087 622 tribuisse
1119 557 1316 641 Theognidi.
1366 558 1489 634 Quum

311 666 521 745 sententiam,
542 667 601 732 etsi
625 666 774 751 aliquam
791 663 1059 751 probabilitatem
1083 665 1113 729 ei
1137 665 1245 729 inesse
1269 665 1386 749 negari
1411 688 1485 730 non

311 779 428 858 potest,
453 774 534 857 quia
563 794 654 838 nunc
685 793 820 858 <proque
851 772 886 835 in
919 770 1089 836 codicibus
1113 771 1295 837 Mutinensi
1320 782 1364 850 A,
1392 772 1486 838 Vati-

311 901 395 944 cano
420 887 457 956 0,
482 880 612 945 Veneto
638 889 665 946 K
686 877 1018 964 Pseudophocylidea
1036 899 1152 943 versus
1176 878 1410 964 Theognideos
1436 901 1485 944 se·

311 992 472 1070 quuntur‚
497 993 609 1052 tamen
644 985 785 1070 probare
817 1006 886 1050 non
909 1006 1056 1070 possum.
1105 985 1282 1061 Quomodo
1306 987 1399 1050 enim
1423 986 1484 1051 Su·

310 1093 393 1172 idas,
419 1094 446 1158 si
463 1114 579 1159 versus
595 1093 773 1158 amatorios
791 1091 967 1157 continuos
984 1091 1084 1157 nullis
1100 1092 1174 1157 aliis
1196 1092 1484 1160 intercedentibus

311 1201 346 1266 in
388 1199 471 1265 libro
510 1207 534 1282 β
568 1200 699 1286 legeret,
733 1200 781 1264 uti
826 1199 935 1285 potuit
976 1197 1078 1264 verbo
1123 1214 1353 1287 παρασπείειν,
1390 1201 1486 1286 quod

310 1307 401 1372 idem
440 1307 605 1393 signifieat
638 1314 739 1392 atquo
770 1307 1037 1392 interspergere‘?
1084 1306 1184 1383 Quod
1218 1307 1360 1373 verbum
1403 1330 1484 1374 oum

312 1415 436 1500 optimo
460 1414 501 1479 de
524 1413 677 1480 versibus
701 1414 848 1500 potoriis,
872 1413 915 1478 ad
939 1435 1024 1498 quos
1048 1413 1150 1479 verba
1181 1424 1237 1482 καὶ
1261 1410 1346 1482 ἄλλα
1373 1411 1436 1483 ὅσα
1463 1420 1482 1484 o‘

311 1524 462 1612 ἐνάρετος
486 1515 725 1612 ἀποστρέφεται
749 1527 820 1602 βίος
844 1520 1018 1586 referenda
1041 1542 1111 1586 esse
1143 1522 1357 1607 perspicuum
1390 1523 1483 1609 est¹)‚

313 1627 521 1707 adhibeatur,
546 1629 627 1714 quia
643 1628 780 1714 plurimi
804 1628 930 1713 passim
946 1628 981 1692 in
1005 1626 1089 1692 libro
1113 1639 1148 1696 A
1171 1628 1336 1714 leguntur,
1362 1651 1400 1695 eo
1414 1652 1484 1695 ma·

311 1736 362 1821 gis
394 1736 519 1800 mirum
555 1742 649 1813 esset,
675 1736 702 1800 si
737 1735 975 1820 grammaticus
1000 1756 1067 1799 una
1091 1735 1335 1821 vituperatione
1359 1743 1392 1802 et
1415 1758 1484 1803 car·

312 1843 406 1908 mina
430 1843 559 1929 potoria
582 1850 614 1908 ot
637 1843 799 1907 amatoria
822 1842 1026 1927 complexus,
1051 1864 1128 1907 cum
1152 1864 1204 1908 res
1229 1843 1424 1910 inhonestas
1442 1881 1485 1894 -

311 1964 443 2040 μιαρίαι
468 1989 510 1998 -
534 1972 573 2015 ea
596 1950 757 2028 nominet,
783 1949 823 2014 de
847 1948 998 2015 versibus
1022 1949 1097 2014 libri
1123 1959 1153 2016 B
1174 1950 1301 2016 alibro
1325 1960 1359 2017 A
1383 1951 1485 2036 plane

313 2058 470 2123 seiunctis
495 2057 613 2123 eodem
636 2056 737 2123 verbo
761 2064 918 2122 uteretur.

423 2218 468 2283 At
490 2218 558 2283 iam
582 2217 746 2296 videmus
764 2239 868 2303 quam
892 2217 976 2283 beno
993 2219 1107 2284 omnia
1122 2219 1209 2284 inter
1233 2241 1267 2285 so
1284 2228 1485 2303 congruant,

313 2326 340 2391 si
377 2332 513 2411 accepta
544 2325 684 2391 meede
716 2324 868 2390 versibus
903 2324 979 2389 libri
1002 2333 1032 2389 B
1069 2327 1234 2392 sententia
1256 2327 1291 2392 in
1326 2327 1487 2394 manibus

316 2432 438 2498 Suidae
462 2432 564 2498 fuisse
588 2431 710 2497 librum
735 2438 903 2517 putamus,
934 2433 969 2496 in
993 2455 1060 2518 quo
1085 2455 1200 2499 versus
1231 2434 1384 2499 amatorii
1407 2434 1487 2500 libri

315 2549 346 2606 B
368 2539 481 2625 elegiis
518 2538 593 2604 libri
618 2552 651 2607 A
674 2539 858 2604 intermixti
883 2546 986 2604 erant.
1034 2540 1122 2605 Cum
1145 2547 1257 2606 autem
1282 2541 1388 2607 codex
1413 2543 1487 2608 Mu·

315 2647 464 2726 tinensis
489 2647 525 2711 in
549 2669 616 2731 quo
640 2668 756 2712 versus
780 2647 933 2711 amatorii
956 2647 1024 2712 iam
1048 2670 1068 2712 a
1092 2649 1208 2713 ceteris
1232 2649 1376 2733 separati
1393 2657 1486 2729 sunt,

317 2755 459 2840 scriptus
484 2754 526 2819 sit
549 2754 681 2819 saeculo
705 2754 868 2819 decimoe
899 2754 1017 2820 eodem
1033 2755 1165 2820 saeculo
1190 2755 1310 2820 Suidas
1334 2755 1487 2822 codicem

317 2861 407 2947 legit,
431 2861 467 2926 in
492 2882 559 2947 quo
592 2861 701 2926 eidem
732 2882 848 2927 versus
883 2861 972 2926 intra
1007 2861 1130 2926 librum
1154 2873 1188 2930 A
1211 2861 1396 2942 exstabant,
1421 2863 1488 2929 hoc

318 2969 386 3034 iere
410 2974 559 3054 tempore
590 2989 610 3032 a
643 2968 861 3053 grammatico
885 2968 998 3055 aliquo
1021 2991 1138 3035 versus
1167 2969 1241 3035 illos
1265 2971 1488 3056 transpositos

318 3097 389 3140 esse
427 3074 696 3141 concludendum
727 3081 785 3141 est.
832 3076 1010 3141 Proximus
1044 3076 1166 3142 Suidae
1197 3076 1404 3162 temporibus
1438 3086 1489 3144 est

320 3182 491 3248 Johannes
515 3181 687 3261 Stobaeus‚
713 3204 814 3267 quem
849 3188 963 3248 nostra
985 3184 1059 3270 ipsa
1093 3183 1285 3249 collectione
1309 3184 1361 3250 vol
1384 3184 1489 3250 simil·

317 3288 399 3352 lima
421 3309 521 3352 usum
546 3310 616 3354 esse
641 3289 750 3374 Bergk
775 3290 858 3355 Mus.
886 3290 993 3355 Rhen.
1019 3290 1082 3355 vol.
1106 3291 1156 3355 ΠΙ
1180 3313 1255 3377 pag.
1274 3292 1339 3357 396
1363 3313 1395 3357 ss
1420 3315 1488 3359 rec-

318 3395 446 3460 tissime
478 3394 727 3475 demonstravit
760 3418 838 3461 eum
869 3418 906 3461 eo
936 3398 1082 3462 maxime
1115 3399 1250 3477 nitatur,
1276 3398 1367 3484 quod
1390 3405 1425 3464 et
1449 3422 1489 3466 ea

319 3524 405 3588 quae
429 3523 449 3566 a
472 3501 667 3587 Theognide
690 3525 759 3568 non
782 3505 931 3589 profecta
953 3505 987 3568 in
1013 3504 1137 3570 librum
1153 3505 1368 3591 irrepserunt,
1392 3507 1487 3593 apud

319 3609 497 3675 Stobaeum
522 3607 584 3673 sub
607 3608 763 3675 lemmate
799 3613 970 3696 Θεόγνιδος
1000 3612 1155 3696 legantur
1179 3618 1211 3677 et
1233 3634 1393 3678 versuum
1418 3614 1487 3680 lau·

319 3716 473 3782 datorum
497 3716 577 3781 ordo
601 3738 621 3781 a
644 3717 858 3803 compilatore
883 3719 1050 3784 exhibitus
1074 3741 1094 3784 a
1117 3718 1270 3785 codicum
1293 3727 1488 3788 nostrorum

319 3846 387 3889 non
411 3822 551 3888 differat.
599 3814 720 3889 Nostra
743 3825 845 3910 igitur
857 3826 1021 3891 sententia
1036 3826 1176 3912 probata
1198 3848 1331 3895 neeesse
1356 3834 1405 3894 est
1418 3828 1488 3895 Sto-

320 3932 442 3996 baeum
465 3930 643 3996 amatorios
668 3953 802 4017 quoque
819 3954 944 4012 versus,
958 3934 1017 4019 qni
1040 3955 1131 3999 nunc
1154 3934 1190 3998 in
1213 3933 1297 3999 libro
1313 3944 1345 4001 B
1358 3934 1487 4016 insunt,

320 4037 447 4123 legisse.
484 4036 529 4102 At
544 4037 607 4102 hoc
630 4038 769 4104 tortasse
786 4039 869 4103 mihi
886 4040 1028 4105 obicitur
1039 4041 1164 4106 mirum
1181 4040 1356 4127 essequod
1372 4043 1489 4110 nullus

429 4377 449 4444 ¹)
465 4377 557 4432 Verba
576 4379 619 4429 καὶ
638 4376 705 4428 ἄλλα
727 4394 749 4431 e.
770 4395 795 4445 q.
815 4395 835 4434 s.
854 4394 907 4432 non
925 4378 1020 4432 referri
1048 4395 1125 4446 posse
1153 4381 1187 4433 ad
1205 4379 1304 4434 librum
1323 4387 1347 4432 Β
1364 4388 1490 4452 apparot,

322 4466 385 4537 quia
403 4466 432 4521 in
452 4483 482 4521 eo
501 4474 608 4535 praeter
626 4484 741 4522 amorem
761 4467 891 4535 puerilem
909 4467 978 4522 nihil
997 4468 1133 4524 inhonesti
1152 4469 1230 4524 inest.
