3158 5122
568 276 792 341 ..33-

94 471 135 537 iis
177 471 348 550 simillimi,
391 493 536 556 quorum
572 471 754 537 sententias
796 491 899 556 supra
937 493 1011 556 pag.
1043 473 1085 537 29
1117 472 1267 557 exposui.

95 579 136 643 In
159 578 266 663 elegia
292 579 465 643 1119-22
482 585 581 664 poeta
604 599 624 643 a
647 577 718 643 deis
742 580 835 664 petit,
860 584 899 642 ut
914 578 1098 644 iuventutis
1121 580 1202 644 flore
1219 579 1265 643 ut'

96 686 211 771 possit,
235 685 272 750 in
295 686 451 770 proxima
474 685 516 750 ab
540 686 648 751 amico
672 685 764 770 petit,
788 707 831 750 ne
855 684 1022 749 malorum
1045 692 1078 750 et
1103 685 1266 764 laborum,

95 813 183 877 quae
206 793 374 878 permulta
397 814 575 878 perpessus
600 793 651 871 sit,
691 814 725 857 se
758 792 947 857 admoneat.
995 792 1065 857 Nec
1091 792 1204 858 minus
1232 793 1268 856 in

95 905 256 984 sequente
279 900 427 964 carmine
451 899 531 965 dicit
567 893 604 965 se
625 905 857 985 paupertatem
886 920 983 964 suam
1008 906 1040 964 et
1070 899 1186 964 odium
1208 899 1268 964 ini-

94 1006 261 1071 micorum
283 1028 352 1072 non
368 1027 494 1085 curare,
513 1006 571 1071 sod
587 1006 622 1071 id
639 1006 748 1072 solum
772 1006 892 1084 dolere,
910 1005 1002 1091 quod
1025 1006 1183 1072 iuventus
1198 1013 1268 1071 tum

95 1113 245 1178 celeriter
260 1113 408 1198 effugiat.
440 1113 590 1178 Proximi
607 1113 740 1178 distichi
760 1112 934 1177 1133-34
950 1112 1047 1177 lectio
1060 1133 1269 1198 quamquem

99 1226 213 1305 aperte
236 1227 393 1306 corrupta
417 1226 475 1299 est,
501 1227 616 1317 tamen
640 1219 856 1305 perspicuum
881 1227 930 1284 est
955 1219 1019 1285 hoc
1042 1220 1110 1284 lere
1134 1226 1268 1305 poetam

96 1327 205 1393 dicere
229 1348 264 1393 se
288 1348 400 1392 rerum
424 1327 643 1393 adversarum
666 1327 769 1391 finem
792 1328 961 1391 facturum
985 1347 1064 1391 esse.
1114 1327 1269 1403 Quocum

96 1435 222 1520 optime
249 1434 404 1520 congruit
427 1434 560 1519 longius
584 1455 729 1512 carmen,
755 1433 846 1519 quod
870 1433 1030 1518 sequitur,
1048 1456 1115 1518 quo
1139 1433 1270 1498 eximiis

96 1541 253 1606 laudibus
277 1562 352 1626 spes
388 1542 534 1606 effertur.
581 1541 733 1606 Disticho
760 1541 934 1605 1153-54
957 1547 1056 1625 poeta
1079 1540 1213 1607 divitias
1237 1547 1269 1606 et

96 1648 202 1715 vitam
214 1648 302 1713 curis
315 1668 457 1714 vacuam
469 1647 533 1712 sibi
546 1653 647 1733 optat,
665 1669 743 1712 cum
753 1647 957 1732 insequente
970 1647 1059 1712 dicat
1073 1653 1268 1714 contentum

97 1776 132 1820 se
157 1776 237 1834 esse,
262 1755 289 1819 si
313 1754 414 1820 modo
439 1754 537 1820 liceat
558 1754 699 1820 modicis
722 1753 819 1819 bouis
843 1755 918 1819 lrui.
1218 1756 1220 1760 ”

205 1862 330 1929 Versus
354 1862 414 1947 qui
438 1867 513 1948 post
540 1863 624 1927 1160
648 1869 845 1946 sequuntur,
863 1862 943 1947 quia
966 1862 1002 1926 in
1024 1863 1065 1927 iis
1089 1862 1269 1928 crebriores

97 1969 310 2054 repetitiones
324 1969 449 2047 insunt,
467 1991 536 2034 non
552 1969 665 2034 minus
682 1990 785 2054 quam
804 1992 835 2035 v.
856 1969 941 2034 1070
954 1971 1106 2033 a-1118
1122 1970 1268 2055 integros

97 2075 337 2142 adscribendos
361 2097 433 2141 esse
457 2097 584 2141 censeo.
634 2075 721 2141 Sunt
743 2082 856 2141 autem
880 2077 932 2140 hi:

421 2184 505 2249 1160
518 2205 547 2248 a.
571 2186 606 2248 Ὠ
642 2195 716 2263 νέοι,
753 2192 782 2251 οἳ
811 2192 870 2253 νῦν
899 2184 1023 2274 ἄνδρες,
1053 2186 1131 2267 ἐμοί
1150 2210 1185 2265 γε
1207 2193 1269 2271 μὲν

156 2289 245 2353 idem
269 2310 307 2355 ac
632 2286 718 2371 οὔτις
741 2291 869 2379 οἷνάνκη

148 2398 320 2462 1095-96
389 2414 401 2604 Ι
518 2397 555 2462 b.
578 2402 663 2466 τοῦθ
697 2400 811 2489 ἕρδειν·
849 2405 916 2467 τῶν
939 2428 995 2485 μοι
1019 2401 1149 2486 πρόσθε
1172 2400 1270 2489 χάριν

632 2514 756 2573 τίθεσο.

579 2615 709 2682 Οὐδένα
733 2613 904 2702 θησαυρδν
927 2613 1134 2700 καταθήσειν
1154 2626 1270 2682 παισὶν

158 2717 247 2781 idem
271 2739 309 2782 ac

157 2825 310 2890 loe-10

634 2720 782 2807 ἄμεινον’

577 2832 726 2896 αἰτοῦσιν
750 2831 778 2895 δ’
805 2831 948 2911 οἷγαθοῑς
977 2821 1127 2918 ἆνδράσι,
1155 2831 1266 2920 Κύρνε,

634 2935 736 3002 δίδου,

422 3041 506 3105 1162
518 3061 546 3105 a.
576 3044 689 3121 Οὐδεὶς
711 3043 774 3131 yolo
791 3041 889 3111 πάντ’
907 3044 973 3110 ἐστὶ
989 3042 1179 3125 πανόλβιος·
1198 3048 1267 3112 ἀλλ’

632 3152 649 3216 δ
672 3158 733 3236 μὲν
756 3149 876 3230 ἐσθλός

520 3254 550 3319 b.
575 3260 682 3349 τολμᾷ
705 3257 787 3342 ἔχων
810 3259 846 3324 τδ
872 3256 974 3327 κακόν
997 3266 1023 3324 κ’
1041 3262 1099 3328 οὐκ
1115 3261 1270 3351 ἐπίδηλον

634 3363 730 3450 ὅμως·

520 3489 546 3534 c.
574 3472 678 3550 δειλδς
713 3474 740 3538 δ’
773 3470 842 3539 οὔτ’
879 3475 1063 3557 ἀγαθοῖσιν
1093 3478 1269 3545 ἐπίσταται

635 3573 710 3646 οὔτε
732 3596 878 3647 κακοῖσιν

521 3681 552 3748 d.
578 3687 691 3768 θυμὸν
720 3681 809 3772 δμοῖς
838 3699 973 3792 μίσμειν·
1011 3689 1198 3760 α’θανοὶτιον
1232 3696 1269 3760 δὲ

633 3789 738 3873 δόσεις

522 3917 549 3961 e.
574 3917 732 3966 παντοῖαι
771 3908 940 3989 θνηδοῐσιν
979 3905 1156 3993 ἕπερχοντ’,
1197 3911 1266 3975 ἀλλ’

633 4008 818 4091 ἐπιτολμᾶν

526 4111 547 4177 l.
572 4112 632 4203 χρή
672 4116 747 4205 δῶρ’
794 4117 992 4196 οἷθανοὲτων,
1031 4119 1084 4187 οἷα
1124 4122 1268 4191 διδοῦσιν

633 4221 727 4306 ἔχειν.

576 4329 762 4416 Ὀμθαλμοῐ
785 4342 841 4398 καὶ
864 4331 991 4415 γλῶσσα
1015 4329 1194 4403 noticiam
1211 4349 1267 4404 καὶ

634 4437 707 4516 νόος
731 4438 861 4529 α’νδροῖν

577 4541 614 4612 δν
636 4552 742 4636 μέσσῳ
767 4554 913 4632 στηθέων
935 4549 1111 4691 ἐνσονετιὲῑς
1140 4548 1265 4637 φύεται.
