3158 5122
683 261 900 327 ..25..

207 458 337 523 ratione
353 459 531 523 immutato
548 465 753 544 repetuntur,
772 458 855 522 nihil
874 459 953 523 certi
970 464 1113 522 statuere
1129 456 1246 532 audeo
1264 476 1378 539 quam-

208 587 315 650 quam
339 589 369 631 v.
395 567 437 630 92
461 565 868 651 Pseudophocylideorum
885 565 1063 630 lect-ionem
1086 565 1195 649 priore
1219 562 1291 626 loco
1316 583 1377 625 ser-

205 680 322 737 vatam
346 673 580 738 commendare
604 673 744 739 videtur.

319 780 493 844 Difficilior
505 788 554 845 est
568 781 719 865 quaestio
731 781 771 845 de
784 804 815 846 v.
830 783 934 844 211-
943 780 1198 864 12,quipaulum
1211 777 1380 842 immutati

207 895 385 952 recurrunt
401 889 564 966 509-10,
583 887 706 973 quade
727 910 828 953 causa
843 888 990 952 maxime
1015 887 1119 964 doleo
1145 886 1236 971 quod
1252 885 1378 950 Jordan

206 995 347 1059 omnino
373 995 413 1059 de
437 995 477 1059 iis
510 1017 578 1077 non
612 997 687 1079 egit.
736 996 847 1080 Auget
870 1002 982 1059 autem
1016 994 1257 1069 difficultatem,
1288 991 1377 1076 quod

205 1102 272 1167 viri
296 1101 383 1167 docti
408 1124 476 1167 non
500 1104 723 1181 consentiunt,
750 1103 832 1187 quid
856 1103 890 1166 in
915 1101 1044 1167 cordice
1069 1100 1252 1165 Mutinensi
1279 1099 1377 1183 scrip-

205 1216 281 1274 tum
305 1210 356 1274 sit.
404 1210 578 1295 Leguntur
601 1217 714 1275 autem
730 1232 846 1276 versus
865 1211 1018 1274 alr-12
1043 1209 1077 1273 in
1096 1207 1241 1272 editione
1259 1213 1379 1292 quarta

205 1317 397 1402 Bergkiana
421 1319 483 1382 sic:

368 1425 470 1494 Οἶνόν
493 1454 541 1493 τοι
564 1440 672 1494 πίνειν
696 1428 821 1494 πουλύν
844 1429 955 1494 κακόν·
978 1423 1018 1510 ἢν
1043 1427 1081 1492 δέ
1101 1455 1149 1504 τις
1173 1426 1275 1492 αὐτόν

368 1547 446 1632 πίνῃ
472 1535 706 1619 ἐπισταμένως,
731 1537 769 1602 οὐ
794 1532 903 1612 κακός,
929 1537 1000 1600 ἀλλ’
1025 1527 1164 1613 α’γαθός.

316 1639 466 1704 Annotat
482 1641 646 1725 Bergkius
670 1641 706 1704 in
730 1640 901 1705 codicibus
914 1650 948 1707 A
972 1647 1004 1704 et
1028 1647 1054 1702 0
1078 1639 1143 1723 legi
1168 1641 1281 1714 ποίίνν,
1300 1658 1377 1721 quo-

206 1768 287 1812 cum
313 1747 479 1812 consentit
502 1748 633 1812 collatio
650 1748 773 1812 codicis
789 1759 823 1815 Α
839 1770 859 1812 a
875 1748 1037 1812 Presselio
1054 1749 1142 1811 lacta
1159 1744 1287 1832 (Plrilol.
1313 1744 1376 1808 vol.

204 1855 250 1918 29
275 1877 349 1939 pag.
375 1855 452 1941 547)
476 1862 508 1920 et
531 1854 663 1920 collatio
680 1855 802 1920 codicis
823 1865 849 1922 0
873 1878 893 1920 a
915 1853 1160 1919 Studemundio
1185 1855 1273 1916 tacta
1297 1851 1376 1937 (ind.

203 1963 279 2026 lect.
305 1962 397 2027 univ.
413 1963 504 2027 Vrat.
535 1961 678 2038 1889s90
701 1985 776 2048 pag.
805 1964 855 2049 12)
881 1986 950 2027 non
975 1963 1140 2027 consentit
1159 1960 1297 2044 Ziegler.
1320 1959 1379 2043 qui

203 2068 249 2133 ad
275 2092 305 2134 v.
332 2070 394 2133 211
413 2076 553 2134 annotat
570 2071 678 2134 solum
696 2070 844 2134 codicem
863 2079 888 2134 0
905 2070 1028 2134 hahcrc
1053 2072 1165 2138 πολύν.
1214 2067 1279 2132 Sed
1299 2088 1376 2151 quo·

205 2199 277 2261 (luo
302 2177 402 2242 modo
427 2199 479 2242 res
503 2199 538 2242 se
562 2177 672 2256 habet,
698 2178 768 2242 sive
800 2177 970 2242 codicibus
996 2178 1065 2243 sive
1090 2177 1239 2242 virorum
1272 2175 1378 2238 docto-

203 2306 283 2348 rum
307 2285 505 2350 coniecturis
529 2284 669 2350 debetur
684 2286 781 2350 lectio
798 2289 930 2364 πουλόν,
955 2293 1041 2350 certe
1065 2307 1181 2350 versus
1204 2283 1287 2347 ratio
1305 2303 1378 2346 cam

202 2392 360 2477 postulat.
410 2392 525 2457 Oritur
546 2393 658 2478 igitur,
683 2395 844 2480 quaestio
869 2416 952 2458 num
975 2415 1101 2470 verens,
1127 2392 1241 2475 quales
1265 2397 1378 2453 nostro

203 2499 279 2563 loco
303 2499 470 2584 leguntur,
496 2522 632 2565 sensum
656 2501 848 2586 praebeant,
874 2501 965 2586 quod
989 2502 1098 2564 Caucr
1120 2500 1140 2562 l.
1166 2521 1192 2563 c.
1219 2520 1293 2582 purg.
1312 2499 1377 2560 532

203 2613 316 2690 negat,
342 2628 420 2670 cum
444 2606 548 2674 dicat:
574 2607 634 2671 uie
659 2608 752 2673 sollte
775 2608 894 2692 jemals
914 2607 1149 2690 Grhnebergcr
1173 2603 1310 2669 deshalb
1336 2626 1376 2667 ru

204 2713 435 2778 Rauenthaler
451 2714 594 2791 werden,
619 2715 693 2779 weil
708 2737 789 2779 man
812 2715 873 2778 ihu
897 2716 958 2779 mit
974 2713 1142 2780 Verstand
1166 2713 1294 2777 triukt?
1320 2711 1376 2774 lla-

204 2827 277 2885 cete
302 2820 439 2906 quidem
463 2821 517 2886 ille
541 2822 623 2887 haec
648 2821 736 2899 dicit,
762 2821 818 2885 sed
843 2844 912 2885 non
936 2828 1032 2898 recte,
1058 2827 1095 2885 ut
1125 2819 1209 2884 mihi
1232 2818 1375 2896 videtur,

204 2949 287 2992 nam
311 2928 339 2992 si
362 2935 461 3013 poeta
485 2928 564 2992 dicit
587 2932 624 2997 οὐ
648 2927 757 3008 κακός,
783 2932 845 2994 ἄλλ
868 2931 1012 3011 ἀγαθός,
1036 2950 1105 2992 non
1129 2927 1170 2991 dc
1202 2927 1273 2993 vini
1298 2948 1375 3011 ‹pra-

203 3035 298 3099 litate
322 3036 400 3120 agit,
427 3036 484 3108 sed
508 3036 571 3100 hoc
595 3035 675 3100 dicit
691 3036 810 3101 vinum
834 3058 903 3099 nou
926 3057 1045 3099 nocere
1069 3035 1209 3113 homini,
1235 3035 1294 3119 qui
1310 3057 1376 3098 mo·

205 3143 280 3207 dice
310 3143 344 3207 id
367 3142 467 3207 bibat.
518 3145 593 3220 Qua
624 3143 664 3207 de
689 3165 799 3221 causa,
828 3165 906 3207 cum
931 3142 1056 3206 honum
1086 3164 1222 3206 sensum
1255 3142 1376 3206 nostris

204 3251 358 3316 versibus
382 3251 491 3316 inesse
514 3257 639 3336 putem,
665 3273 726 3316 nec
749 3252 963 3336 intellegiam,
989 3273 1048 3316 cur
1078 3250 1184 3327 lectio,
1216 3271 1302 3334 quem
1328 3257 1375 3313 est

204 3359 242 3423 in
266 3359 446 3443 posteriore
477 3358 549 3422 loco
573 3365 704 3423 nostrae
736 3359 956 3444 praeferenda
979 3358 1067 3442 sit,¹)
1090 3359 1125 3422 in
1149 3358 1201 3421 his
1224 3356 1376 3421 versibus

205 3467 242 3530 in
268 3465 370 3530 dubio
395 3487 465 3530 rem
495 3466 751 3551 relinquendam
786 3488 856 3531 esse
881 3488 1008 3531 censeo.
1056 3463 1239 3530 Reicicnda
1261 3469 1373 3528 autem

204 3573 291 3638 mihi
314 3573 447 3639 videtur
471 3574 590 3638 (lauari
615 3575 788 3651 sententia,
814 3575 872 3658 qui
896 3579 993 3659 putat
1016 3574 1050 3637 iu
1074 3596 1105 3638 v.
1131 3574 1196 3637 509
1227 3571 1375 3636 codicem

206 3681 422 3759 Vaticanum,
459 3681 493 3744 in
528 3703 595 3766 quo
629 3703 690 3766 pro
724 3680 845 3759 πουλός
879 3682 999 3765 legitur
1027 3685 1166 3759 πολλοῖς,
1191 3679 1375 3764 genuinam

205 3789 382 3852 lectionem
419 3810 578 3865 servasse,
604 3811 681 3853 cum
712 3790 793 3854 haec
818 3789 917 3853 dicat:
943 3788 1232 3853 Wahrscheinlich
1255 3788 1299 3852 ist
1322 3787 1375 3852 dic

206 3897 323 3960 Lesart
353 3896 411 3961 des
435 3897 624 3962 Vatikanus
653 3897 706 3962 die
737 3897 1003 3982 urspriiugliche,
1036 3896 1140 3960 durch
1175 3895 1296 3960 welche
1321 3895 1374 3960 dic

205 4003 499 4069 aristokratischerr
525 4005 752 4070 Weinlrenner
775 4004 834 4069 der
857 4004 1161 4070 verstttndnislosen
1184 4004 1292 4068 Masso
1317 4003 1375 4068 der

205 4110 350 4176 Trinker
384 4112 708 4197 gegeniibergestellt
742 4112 882 4176 werden.
931 4113 1007 4176 Nou
1040 4112 1136 4176 aliter
1160 4111 1199 4176 de
1224 4111 1286 4175 hac
1310 4111 1372 4176 viri

316 4396 336 4463 ¹)
356 4397 491 4465 Bergkius
504 4398 573 4451 adv.
586 4402 708 4454 509—10
722 4404 849 4452 annotat:
873 4398 1019 4451 »simillimi
1035 4413 1126 4450 versus
1140 4403 1216 4450 211-
1231 4403 1261 4450 12
1281 4407 1373 4465 aperte

206 4504 241 4541 ex
261 4485 302 4540 his
321 4486 448 4558 detorti«,
467 4488 514 4541 sed
533 4503 627 4541 causas
645 4503 698 4541 non
717 4487 830 4546 attulit..
