3158 5122
678 244 878 310 ..8-

358 443 490 530 Νεβρόν
514 445 599 520 ὑπὲξ
621 440 756 529 ἐλάφοιο
781 443 862 508 λέων
884 440 927 519 ὥς
952 439 1027 506 dtur
1051 441 1224 514 πεποιθώς

356 557 453 617 ποσσὶ
476 546 714 639 καταιμάρψας
739 554 875 631 αἵματος
899 546 955 615 vein
978 547 1081 614 ε’·’πιον

356 666 489 740 τειχέων
513 658 540 722 δ’
566 657 706 747 ὑψηλῶν
729 655 851 735 ἕπιβοές
876 656 974 721 πόλιν
998 656 1053 721 οὐκ
1078 652 1250 729 οἳλοῖπαξα·

359 761 554 847 ζευξάμενος
578 765 604 829 δ’
630 768 750 836 ἵππους
773 756 921 850 ἅρματος
944 752 1000 829 οὔκ
1024 762 1155 847 ἐπέβην

356 872 485 958 πρήξας
509 870 536 934 δ’
562 871 620 937 οὐκ
643 868 778 956 ἔπρηξα,
805 880 860 935 καὶ
883 871 941 936 οὐκ
962 869 1115 934 ἐτέλεσσα
1139 870 1301 947 τελέσσας·

357 978 477 1066 ὃρήσας
501 979 529 1043 δ’
553 979 610 1045 οὐκ
634 976 753 1062 ilippc’,
779 975 882 1062 ἤνυσα
907 977 934 1041 δ’
960 976 1018 1040 οὐκ
1042 967 1175 1054 α’νύσας.

308 1101 458 1166 Welcker
481 1101 517 1164 in
540 1100 754 1165 annotatione
778 1098 821 1164 ad
844 1100 931 1163 hanc
956 1099 1096 1183 elegiam
1120 1121 1194 1184 pag,
1223 1100 1286 1163 134
1314 1121 1366 1164 ae·

200 1209 315 1293 nigrna
337 1229 412 1272 eam
436 1229 506 1272 esse
542 1212 662 1285 censet,
697 1207 792 1271 cuius
827 1227 963 1270 sensnm
993 1206 1064 1270 loco
1096 1227 1136 1270 ex
1160 1206 1368 1291 Anthologia

200 1315 353 1379 Palatina
376 1336 450 1399 pag.
476 1316 550 1392 591,
568 1315 629 1379 146
653 1313 751 1377 allato
784 1313 935 1398 explicat.
983 1312 1041 1376 list
1075 1312 1120 1377 ibi
1157 1313 1368 1398 epigramma

200 1421 324 1486 Rhiani
348 1420 431 1486 hoc:

359 1531 529 1618 Ἀγρεύσας
552 1531 611 1595 τόν
634 1530 752 1616 νεβρὸν
776 1520 943 1605 α’πώλεσα,
968 1530 1015 1612 χοὶ
1039 1535 1100 1610 μὲν
1124 1525 1269 1602 οἷνατλοῖς

360 1638 462 1726 μύρια
487 1648 542 1702 καὶ
568 1633 687 1722 στήσας
710 1638 824 1702 δίκτυα
850 1646 905 1700 καὶ
929 1636 1092 1714 στάλακας

360 1739 422 1810 σαν
445 1761 569 1823 κενεαῖς
592 1752 750 1829 χειρέσσιν
774 1742 970 1831 ἀπέρχομαι·
996 1749 1025 1808 ol
1049 1744 1077 1808 δ’
1100 1744 1239 1823 ἀμογητὶ

361 1852 389 1916 τ’
414 1843 485 1937 cipe?
510 1862 668 1939 φέρουσιν,
687 1845 796 1934 Ἔρως,
822 1849 868 1927 οἷς
892 1850 929 1917 σύ
953 1860 1056 1930 γένοιο
1079 1851 1191 1937 βαρύς.

310 1975 359 2039 De
383 1996 417 2039 re
441 1975 593 2039 Venerea
615 1973 717 2055 igitur
740 1979 809 2038 tota
837 1973 941 2057 elegia
973 1973 1096 2057 scripta
1128 1994 1198 2038 esse
1234 1973 1369 2039 videtur

203 2082 275 2148 viro
299 2081 405 2159 doctu,
431 2080 522 2167 quod
546 2080 702 2166 equidem
726 2079 937 2165 probandum
962 2101 1033 2144 esse
1057 2087 1155 2164 puto,
1193 2103 1271 2145 nam
1295 2103 1367 2165 pcr-

204 2187 360 2274 spicuum
384 2196 433 2253 est
448 2194 582 2274 poetam
598 2186 750 2253 versibus
767 2188 919 2250 949-52
935 2186 1019 2250 nihil
1042 2188 1160 2251 offerre
1177 2188 1241 2252 nisi
1259 2209 1369 2251 cxcm-

204 2295 260 2380 pla
283 2317 404 2373 rerum,
429 2317 516 2380 quae
540 2294 705 2359 adfinem
730 2294 798 2358 lere
822 2293 1000 2378 perductae
1015 2293 1182 2379 inopinate
1205 2294 1369 2359 interrum

206 2407 341 2487 puntur.
377 2401 430 2467 Sic
454 2402 517 2467 sibi
541 2422 675 2487 quoque
700 2401 857 2466 accidisse
881 2400 961 2465 dicit
985 2407 1082 2485 poeta
1105 2408 1150 2479 ut
1169 2422 1244 2465 cum
1261 2423 1371 2486 paene

207 2514 405 2574 consecutus
429 2516 514 2574 esset
537 2508 629 2593 quod
652 2508 825 2593 cupiverat
847 2508 867 2571 i.
887 2528 912 2572 e.
931 2507 1137 2592 voluptatem
1161 2509 1369 2587 amatoriam,

207 2623 319 2680 tamen
343 2615 509 2681 adfinem
543 2637 610 2680 non
642 2614 838 2699 pervenerit.
901 2615 977 2678 Non
1012 2621 1097 2678 recte
1130 2615 1232 2699 igitur
1254 2615 1373 2680 Busolt

208 2723 298 2786 hunc
322 2722 433 2787 locum
456 2723 691 2807 interpretatus
715 2724 773 2798 est,
808 2722 865 2806 qui
890 2743 963 2806 pag.
990 2721 1052 2785 291
1077 2720 1152 2785 libri
1177 2722 1235 2806 qui
1258 2722 1372 2786 inscri-

209 2828 316 2893 bitur:
354 2828 407 2893 die
431 2829 695 2894 Lakedamorrier
728 2827 800 2892 und
836 2828 908 2892 ihre
934 2827 1237 2912 Bnndesgenossen
1272 2828 1370 2893 dicit:

209 2936 379 3021 Theognis
404 2936 527 3014 riihmt
552 2935 628 3000 dass
652 2957 688 3000 er
711 2934 764 2999 die
787 2935 899 2999 hohen
924 2935 1063 2999 Manem
1087 2935 1250 3019 erstiegen
1273 2934 1371 3013 habe,

211 3043 298 3108 ohne
322 3042 374 3107 die
391 3043 486 3108 Stadt
508 3041 788 3127 auszupliindern.
823 3042 870 3105 Er
891 3041 977 3106 habe
1000 3041 1094 3106 nicht
1116 3042 1176 3106 wie
1201 3042 1259 3107 der
1274 3043 1373 3106 wae

211 3149 411 3214 vertrauend
435 3151 493 3214 aul
517 3150 606 3214 seine
631 3149 747 3214 Steirke
771 3148 831 3213 das
855 3147 1058 3213 Hirschkalb
1092 3149 1287 3227 zerflcischt‚
1313 3148 1374 3213 das

212 3257 290 3320 Blut
317 3255 376 3320 dor
398 3256 524 3321 Fcindc
558 3256 756 3341 getrunken,
793 3255 937 3320 sondern
972 3255 1037 3319 dcn
1062 3255 1138 3339 Sieg
1161 3255 1373 3333 vollendend,

213 3363 272 3428 das
299 3363 396 3428 Werk
421 3362 480 3427 der
503 3364 615 3427 Rache
640 3362 856 3429 unvollendet
878 3363 1039 3447 gelassen.
1076 3362 1169 3426 Hacc
1193 3363 1306 3427 omnia
1321 3363 1375 3427 vir

214 3470 330 3534 doctus
355 3491 395 3534 ex
418 3476 530 3535 nostro
553 3470 625 3535 loco
649 3469 780 3554 collegit
812 3476 844 3534 et
878 3475 974 3554 putat
996 3469 1226 3553 Theognidem
1262 3476 1377 3534 nostra

215 3577 320 3662 elegia
343 3577 504 3662 respicere
528 3577 570 3642 ad
594 3599 745 3663 pugnam
768 3577 854 3642 inter
877 3575 1008 3662 plebem
1043 3582 1075 3641 et
1109 3576 1285 3662 optimates
1309 3578 1375 3641 hle-

214 3684 407 3770 garcnsium
441 3685 573 3763 iactam,
609 3684 649 3749 de
686 3706 754 3769 qua
788 3684 880 3769 apud
916 3683 1129 3748 Aristotelem
1163 3684 1230 3748 Pol.
1256 3685 1296 3761 V,
1310 3685 1375 3761 4,3

215 3792 353 3877 legitur:
381 3796 422 3858 Ol
446 3792 481 3859 δέ
505 3791 692 3877 (optimates
716 3813 735 3856 a
759 3790 854 3877 plebe
877 3791 1064 3877 Megarensi
1088 3791 1229 3877 expulsi)
1252 3794 1376 3859 κατιόν·

216 3928 268 3979 τες
299 3902 451 3984 ἐνίκησαν
482 3897 663 3985 μαχόμενοι
698 3897 755 3967 τόν
790 3902 903 3986 δῆμον,
952 3898 1017 3963 Sed
1052 3919 1159 3963 errare
1188 3899 1376 3963 Busoltium

217 4021 286 4071 nec'
302 4013 418 4090 poetae
441 4005 556 4072 verba:
580 4015 713 4086 τειχέων
737 4007 764 4073 δ’
789 4008 927 4099 epotato
950 4006 1070 4087 ἰπιβοὶς
1095 4003 1192 4072 πόλιν
1216 4005 1274 4073 οὐκ
1298 3998 1376 4071 α’λά-

218 4117 311 4190 παξα
335 4112 377 4176 ad
400 4133 471 4177 rem
494 4134 609 4178 revera
631 4113 754 4177 iactam
778 4112 951 4177 referenda
974 4133 1054 4191 esse,
1090 4112 1158 4176 iam
1190 4133 1230 4176 cx
1261 4134 1299 4176 eo
1323 4134 1377 4194 ap-

219 4226 321 4305 parot,
347 4219 437 4304 quod
452 4219 507 4285 hic
523 4241 639 4286 versus
658 4219 693 4283 in
710 4219 822 4285 medio
838 4220 984 4284 carmine
1002 4219 1131 4304 legitur,
1149 4240 1228 4284 narn
1245 4226 1378 4304 poetam

220 4349 288 4392 non
312 4327 460 4411 primum
483 4327 699 4392 translatione
722 4327 781 4405 uti,
807 4326 927 4392 deinde
951 4348 1021 4391 rem
1044 4327 1163 4411 ipsam,
1189 4347 1292 4411 quam
1316 4327 1377 4411 sig-

220 4434 354 4512 nificare
380 4433 462 4524 vult,
487 4435 614 4513 afferre,
638 4440 711 4501 tum
734 4433 855 4508 iterum
882 4434 982 4501 aliam
1017 4433 1301 4519 comparationem
1325 4433 1378 4498 ad-
