3158 5122
679 292 874 356 ..2-

357 481 393 554 'a
417 507 489 567 παι,
512 490 557 576 μη
581 485 722 572 κάμαζε,
745 498 870 576 γέροντι
894 491 1072 555 dilucidae
1096 484 1201 574 άνόρί·

362 596 399 664 ott
421 624 470 662 τοι
493 593 655 681 κωμάζειν
679 596 839 683 σύμφορον
862 596 958 684 άνδρῐ
981 605 1051 684 νέῳ,

201 724 286 788 quos
307 703 499 768 Welokerus
515 701 550 766 in
573 702 696 786 proleg.
723 700 766 765 ad
786 699 1016 785 Theognidcm
1029 720 1104 785 pag.
1118 699 1177 763 CH
1193 699 1370 764 aberrasse

206 811 242 875 in
268 816 421 874 nostrum
444 807 568 873 librum
591 814 695 893 putat.
743 807 818 871 Non
843 807 932 872 enim
957 807 1106 871 hocloco
1129 804 1293 892 κωμάζειν
1319 813 1371 871 est·

207 916 431 993 »comissari«,
456 915 546 1000 quod
570 915 768 1000 plerumque
801 915 975 1000 signifieat,
1000 913 1056 979 sed
1093 913 1232 979 »lascive
1257 919 1289 978 et
1313 935 1368 999 pe-

202 1024 347 1088 tulanter
370 1044 498 1107 agere«,
524 1021 614 1107 quod
639 1022 763 1106 optime
787 1020 851 1086 diei
876 1026 983 1106 potest
1006 1042 1026 1084 a
1049 1027 1156 1105 poeta,
1185 1021 1245 1105 qui
1268 1021 1367 1086 toties

202 1130 361 1215 queritur,
386 1128 477 1215 quod
501 1149 621 1211 parum
646 1128 848 1194 reverentiae
872 1149 892 1192 a
916 1148 1019 1213 puero
1042 1134 1153 1192 amato
1177 1127 1240 1192 sibi
1264 1128 1366 1193 tribu-

204 1243 289 1315 atur,
314 1237 353 1301 cl.
371 1237 545 1302 1265--66
562 1241 595 1300 ct
613 1236 796 1300 1331-32.
843 1236 967 1299 Contra
983 1235 1010 1299 si
1026 1235 1089 1299 hoo
1113 1235 1184 1299 loco
1200 1233 1366 1321 κωμάζειν

201 1343 292 1408 idem
316 1364 491 1408 censemus
515 1342 711 1428 significare,
737 1341 827 1426 quod
851 1342 932 1406 alias
957 1343 1048 1419 solet,
1082 1341 1182 1406 nimis
1215 1325 1365 1407 ieiunam

203 1449 469 1515 adhortationem
493 1449 528 1513 in
552 1449 674 1513 nostris
707 1448 858 1515 versibus
888 1449 996 1513 inesse
1027 1448 1279 1513 concedendum
1304 1456 1362 1514 est.

202 1558 288 1621 Cum
315 1557 417 1642 igitur
440 1555 585 1620 dubitari
621 1577 688 1620 uon
713 1555 826 1640 possit,
861 1556 944 1640 quin
976 1577 1092 1620 omnes
1115 1556 1149 1619 hi
1180 1577 1298 1621 versus
1322 1557 1363 1622 de

202 1685 314 1729 amore
338 1664 457 1749 puerili
483 1663 597 1748 scripti
621 1663 697 1741 sint,
727 1663 883 1748 permulti
900 1663 961 1729 viri
979 1662 1076 1741 docti,
1091 1663 1149 1748 qui
1177 1664 1278 1727 talem
1291 1686 1363 1729 rem

202 1772 299 1856 longe
323 1771 467 1835 alienam
491 1792 510 1834 a
533 1769 727 1855 Theognide
751 1776 916 1855 putarent,
940 1792 1001 1835 neo
1025 1791 1103 1835 eum
1126 1771 1208 1835 talos
1241 1771 1363 1856 elegias

202 1899 400 1964 componere
414 1877 560 1962 potuisse
573 1876 753 1954 crederent,
770 1883 886 1961 poetae
903 1877 1089 1962 Megarensi
1101 1877 1363 1943 abiudicandum

200 2007 271 2050 esse
295 1992 402 2049 totum
425 1983 548 2048 librum
566 1993 597 2048 Β
620 1984 903 2049 existimaverunt.
951 1984 1102 2060 Quorum
1127 2006 1248 2070 agmen
1272 1985 1365 2050 ducit

202 2092 406 2169 Welckerus,
431 2091 591 2176 quicum
615 2098 727 2154 nostro
758 2090 841 2155 libro
866 2100 897 2155 Β
922 2093 960 2156 16
992 2112 1108 2157 versus
1133 2091 1251 2177 prioris
1276 2090 1363 2178 (libri

202 2196 663 2286 (959-6ret1091-1102)
687 2197 869 2269 coniunxit,
893 2219 977 2282 quos
1001 2220 1068 2263 non
1092 2199 1204 2263 minus
1229 2206 1364 2284 propter

201 2306 371 2390 impurum
396 2325 544 2369 amorem
568 2304 740 2388 puerilem,
765 2303 805 2368 de
831 2326 898 2389 quo
921 2305 956 2368 in
980 2304 1021 2369 iis
1037 2312 1164 2390 agatur,
1189 2306 1364 2390 seiungen-

202 2412 261 2477 dos
286 2433 356 2477 esse
380 2433 398 2476 a
423 2411 559 2497 reliquis
584 2411 696 2495 elegiis
720 2410 795 2475 libri
818 2419 852 2478 A
874 2417 977 2496 putat.

307 2555 436 2619 Nostris
467 2553 672 2639 temporibus
695 2552 862 2619 uberrime
892 2552 933 2618 de
962 2553 1045 2618 libro
1069 2564 1101 2619 Β
1131 2555 1198 2638 egit
1221 2555 1259 2618 Α.
1286 2555 1362 2619 Cor-

202 2683 286 2727 senn
308 2662 344 2726 in
368 2661 619 2746 quaestionibus
643 2660 866 2745 Theognideis
892 2661 938 2746 (in
962 2668 1207 2746 programmate
1232 2662 1362 2727 Geeste-

202 2768 399 2833 muendensi
432 2768 538 2855 1887),
563 2767 622 2852 qui
646 2767 698 2833 vir
728 2766 844 2832 doctus
877 2768 1043 2854 permulta
1074 2769 1213 2853 collegit,
1239 2768 1363 2853 quibus

202 2874 418 2961 comprobare
442 2874 552 2939 studet
576 2880 719 2960 poetam,
744 2874 802 2959 qui
826 2876 1042 2960 posteriorem
1079 2875 1202 2940 librum
1231 2898 1362 2961 compo·

206 2982 317 3060 suerit,
343 2982 536 3067 quicunque
552 2982 661 3060 luerit,
680 2989 756 3046 ante
773 2982 886 3047 oculos
903 2982 1060 3047 habuisse
1077 2983 1221 3068 priorem
1239 2983 1364 3047 librum

204 3095 237 3154 ct
260 3088 303 3153 ad
326 3089 397 3153 eius
421 3089 612 3174 exemplum
637 3111 714 3154 suos
729 3110 846 3154 versus
870 3089 1106 3174 composuisse.
1154 3090 1223 3155 Neo
1247 3093 1364 3175 negari

152 3221 161 3233 ·
204 3202 314 3282 potest
343 3217 503 3280 magnam
535 3195 789 3261 similitudinem
814 3197 848 3260 in
884 3196 1124 3282 componendis
1156 3197 1307 3262 versibus
1332 3206 1366 3263 ot

202 3303 343 3388 singulis
374 3302 546 3370 vocabulis
576 3303 775 3368 adhibendis
805 3303 1008 3369 intercedere
1038 3304 1124 3369 inter
1154 3304 1237 3369 duos
1262 3305 1365 3370 libros

201 3416 238 3474 ut
261 3431 288 3474 e.
313 3431 360 3494 gr.
386 3409 553 3475 simillime
577 3411 751 3496 compositi
777 3417 856 3475 sunt
878 3434 908 3478 v.
937 3412 1163 3476 1233-11234.

361 3513 461 3584 ὤλετο
485 3521 512 3585 d’
537 3519 689 3606 Αἷγείδης
715 3519 837 3606 Θησειὶς
860 3529 969 3601 μέγας,
996 3518 1094 3586 ὤλετο
1118 3522 1145 3586 d'
1171 3527 1258 3594 Αἴας

360 3623 479 3701 ἐσθλὸς
503 3619 667 3713 Ὀϊλιάδης
691 3631 782 3724 σῇσιν
805 3625 1030 3701 αἰασθαλίαις

203 3737 236 3796 et
258 3752 290 3797 v.
319 3732 400 3796 1137

362 3837 464 3926 ὤχετο
487 3845 549 3925 μὲν
572 3853 689 3916 πίστις,
712 3837 836 3927 μεγάλη
860 3841 951 3920 θεάς,
976 3835 1078 3931 uixero
1102 3844 1129 3908 δ’
1155 3841 1285 3930 άνὸρῶν

361 3947 555 4038 σωφροσύνη,

202 4075 232 4119 v.
254 4054 335 4118 1237
880 4051 1004 4139 θάμιον
1027 4054 1064 4123 ob‘
1087 4083 1136 4122 τοι
1160 4055 1287 4143 άνάγκη

360 4165 458 4229 τοῦθ’
481 4162 593 4252 ἕρδειν,
620 4159 639 4228 ὅ
660 4189 692 4228 τι
717 4183 765 4228 σοι
788 4161 832 4246 μή
857 4158 1072 4247 καταθμάιον
1096 4155 1117 4261 ᾖ

202 4272 280 4332 etv.
301 4267 383 4331 1086
1000 4261 1060 4368 pior}
1083 4270 1147 4360 γάρ
1171 4269 1283 4366 ἕπίσιη

360 4380 453 4441 τοῦθ’
479 4375 590 4465 ἕρδειν,
616 4372 635 4441 ά
657 4403 688 4442 τι
714 4397 761 4442 σοι
788 4375 832 4461 μη
857 4377 1072 4463 cataduplae
1094 4370 1124 4462 ἦ.

202 4480 318 4546 Plures
352 4479 440 4544 locos
471 4481 589 4544 afferre
622 4502 689 4545 non
722 4483 946 4547 necessarium
980 4505 1050 4548 esse
1080 4463 1179 4568 put03
1205 4483 1263 4567 qui
1297 4505 1366 4547 rem
