3158 5122
573 284 792 352 ..35-

98 479 201 546 totius
223 479 300 545 libri
322 485 416 566 parte
440 487 547 566 poeta,
566 481 761 568 quicunque
786 482 859 562 luit,
884 489 955 547 tam
978 503 1077 568 saepe
1094 481 1135 547 de
1151 480 1267 567 volup-

98 586 224 653 tatibus
248 593 280 654 et
303 587 588 668 delectationibus,
612 596 682 654 tam
712 610 811 675 saepe
841 589 882 654 de
912 589 1097 656 iuventutis
1127 590 1207 654 flore
1236 594 1269 655 et

98 695 320 762 convivorum
343 694 475 781 gaudiis
491 717 560 761 non
577 696 648 762 sine
665 697 799 763 levitate
816 696 964 783 quadam
980 703 1013 762 et
1028 696 1166 763 lascivia
1180 702 1267 782 agat.

98 802 169 867 Nec
197 802 535 888 praetermittendum
568 803 652 868 mihi
676 803 811 870 videtur
838 825 920 884 esse,
950 802 1042 891 quod
1069 804 1137 868 iam
1166 824 1269 888 supra

98 930 176 995 pag.
193 910 235 974 32
259 910 385 989 monui,
405 908 589 975 admodum
606 911 729 976 multos
753 932 795 977 ex
818 912 870 977 his
888 911 1040 978 versibus
1064 911 1105 976 de
1121 910 1269 976 amicitia

99 1016 239 1102 scriptos
263 1038 344 1096 esse,
358 1038 400 1082 ex
423 1018 547 1103 quibus
564 1018 732 1104 imprimis
749 1041 779 1085 v.
801 1020 975 1084 roal-ae
991 1025 1024 1084 et
1050 1019 1268 1084 1097-1100

98 1122 1269 1211 carminibuslibriBsimillimosessedemonstravi,quibusaddasduas

98 1231 182 1297 alias
206 1231 327 1317 elegias
343 1254 374 1300 v.
390 1232 542 1298 993-96
566 1239 599 1298 11
625 1234 798 1298 toea-68
815 1233 1033 1311 commentae,
1059 1254 1203 1317 quarum
1227 1253 1269 1296 ex

98 1344 242 1424 utraque
258 1340 470 1425 cognoscitur
482 1361 632 1405 amorem
644 1340 806 1425 puerilem
823 1340 963 1405 minime
979 1340 1127 1405 alienum
1144 1361 1214 1404 esse
1226 1338 1268 1403 ab

99 1466 139 1511 eo
155 1452 263 1532 poeta,
275 1447 334 1532 qui
346 1447 429 1513 haec
446 1447 596 1513 carmina
612 1447 816 1532 conscripsit.
854 1447 969 1512 Addas
985 1453 1164 1532 praeterea,
1179 1445 1270 1532 quod

98 1553 136 1617 in
144 1553 208 1618 hac
220 1553 337 1619 eadem
350 1554 426 1619 libri
438 1562 473 1621 A
484 1560 577 1639 parte
590 1576 659 1620 uon
667 1554 780 1619 minus
792 1576 896 1640 quam
909 1561 1054 1640 quatuor
1065 1576 1107 1618 ex
1119 1554 1269 1639 quinque

100 1659 264 1739 distichis
289 1683 376 1747 quae
400 1662 436 1726 in
459 1661 544 1726 libro
568 1671 600 1727 B
622 1683 758 1747 quoque
789 1662 956 1747 leguntur,
992 1667 1171 1727 occurrunt
1201 1680 1269 1724 uno

100 1773 239 1853 excepto
265 1768 406 1834 disticho
430 1767 620 1856 597-981).
659 1770 754 1845 Quae
781 1769 895 1834 omnia
918 1790 995 1834 cum
1020 1769 1210 1854 cogitarem,
1234 1768 1269 1831 in

98 1880 248 1940 mentem
271 1875 356 1941 mihi
372 1875 465 1941 venit
485 1897 572 1943 nova
590 1897 632 1941 ex
647 1875 721 1961 ipsa
743 1876 845 1941 huius
861 1876 964 1961 partis
988 1875 1063 1940 libri
1080 1875 1269 1941 conditione

99 1982 205 2067 petita
227 1983 310 2048 ratio
334 1983 515 2049 solvendae
539 1982 754 2062 (1111111111111,
772 2004 876 2069 quam
893 2005 1008 2049 versus
1032 1982 1162 2067 repetiti
1179 2003 1269 2067 prae-

99 2086 191 2154 bent.
227 2090 303 2155 Mea
318 2089 456 2174 quidem
473 2090 637 2155 sententia
658 2089 738 2154 olim
754 2090 879 2175 passim
895 2091 931 2154 in
944 2090 1027 2154 libro
1044 2100 1086 2165 A,
1104 2089 1270 2173 imprimis

100 2202 214 2261 autem
236 2197 272 2261 in
300 2197 363 2262 hac
386 2204 501 2262 nostra
525 2203 628 2282 parte,
654 2197 768 2282 scripti
784 2203 879 2262 erant
894 2219 1009 2264 versus
1026 2195 1179 2261 amatorii
1194 2194 1270 2259 libri

100 2313 140 2382 B,
177 2316 292 2389 postea
325 2304 367 2369 ab
399 2304 537 2368 homine
576 2326 645 2369 non
682 2304 783 2369 nimis
814 2305 910 2370 docto
948 2304 1091 2389 separati
1132 2308 1211 2368 sunt
1251 2324 1271 2367 1

98 2411 217 2476 ceteris
240 2410 331 2476 etin
355 2432 471 2476 eorum
495 2411 607 2477 locum
637 2432 678 2476 ex
706 2410 788 2497 ipsis
813 2411 1037 2496 Theognideis
1071 2411 1118 2475 eis
1141 2431 1268 2488 versus

98 2518 160 2604 qui
174 2539 275 2597 nunc,
292 2525 435 2584 autnon
447 2518 568 2583 mutati
584 2526 642 2583 aut
656 2519 732 2604 plus
757 2520 912 2586 minusve
936 2518 1056 2583 mutati
1073 2524 1270 2603 repetuntur

98 2623 272 2690 substituti
296 2632 384 2691 sunt.

207 2733 302 2809 Quae
325 2755 402 2798 mea
425 2733 590 2799 sententia
625 2733 686 2798 etsi
716 2734 855 2798 tortasse
881 2734 989 2819 primo
1018 2733 1137 2800 obtutu
1169 2733 1268 2799 alicui

98 2839 186 2904 mira
210 2845 242 2905 et
263 2862 352 2907 nova
376 2839 552 2920 videbitur,
587 2846 701 2906 tamen
732 2862 832 2905 nemo
867 2840 1003 2926 negabit
1032 2840 1178 2906 multum
1205 2862 1267 2906 nos

98 2952 237 3032 accepta
259 2947 322 3012 hac
338 2948 495 3034 opinione
511 2948 670 3034 proficere
685 2948 721 3012 in
738 2947 969 3032 cognoscenda
984 2955 1105 3012 natura
1121 2947 1266 3012 duorum

97 3053 271 3134 librorum,
285 3055 345 3140 qui
357 3055 561 3141 Theognidis
577 3076 702 3120 nomen
719 3056 840 3119 lerunt.
876 3055 1028 3120 Primum
1045 3056 1267 3120 enimomnes

97 3161 346 3242 similitudines,
360 3184 445 3248 quas
459 3162 547 3228 inter
562 3163 623 3228 hos
637 3162 739 3228 libros
751 3162 954 3227 intercedere
966 3184 1040 3248 pag.
1059 3162 1266 3228 1711111111-

97 3268 213 3347 stravi,
230 3269 336 3334 multo
352 3269 482 3335 facilius
499 3270 657 3355 explicari
673 3276 824 3355 possunt,
842 3270 870 3335 si
886 3268 966 3334 olim
983 3269 1105 3355 elegiae
1122 3269 1266 3334 duorum

97 3375 264 3441 librorum
295 3398 366 3442 non
396 3377 565 3442 seiunctae
600 3384 704 3455 erant,
736 3377 795 3443 sed
827 3376 913 3442 inter
945 3398 979 3442 se
1007 3377 1131 3442 mixtae
1162 3399 1266 3442 unam

95 3483 329 3549 collectionem
353 3483 550 3550 efficiebant.
597 3484 647 3549 Ne
678 3484 735 3548 illa
765 3483 902 3569 quidem
932 3484 1083 3570 quinque
1113 3484 1263 3563 disticha,

96 3611 188 3676 quae
211 3611 302 3656 nunc
326 3597 359 3656 et
380 3591 416 3655 in
439 3591 523 3657 libro
541 3601 576 3659 A
591 3598 624 3656 11
646 3591 682 3656 in
705 3590 789 3655 libro
813 3600 845 3656 B
866 3590 1032 3675 leguntur,
1056 3591 1161 3655 ullam
1183 3590 1265 3656 diffi-

95 3697 260 3763 cultatem
282 3697 459 3784 praebent;
484 3699 580 3764 facile
605 3698 696 3763 enim
719 3698 791 3763 fieri
813 3697 931 3783 potuit,
963 3704 1001 3763 ut
1023 3698 1190 3763 diorthota
1212 3698 1266 3763 ille

95 3824 180 3871 cum
206 3805 356 3891 primum
371 3805 588 3892 Theognidea
610 3806 834 3892 perlustraret,
858 3824 927 3889 quo
950 3826 1066 3872 versus
1088 3806 1267 3870 amatorios

95 3934 121 3978 a
143 3911 260 3978 ceteris
284 3919 462 3999 separaret,
486 3913 548 3979 hos
564 3935 681 3980 versus
697 3913 741 3978 ad
756 3911 919 3999 puerilem
935 3933 1083 3977 amorem
1099 3913 1264 3998 pertinere

208 4233 227 4302 ¹)
244 4233 411 4291 Manendum
429 4234 496 4289 mihi
514 4233 624 4291 videtur
651 4250 709 4290 1111
736 4249 789 4290 non
815 4235 902 4290 solum
929 4233 1045 4290 disticho
1072 4233 1115 4289 his
1142 4233 1264 4290 versibus

94 4324 284 4395 antecedente,
304 4325 375 4393 quod
384 4325 535 4380 arctissime
545 4341 604 4380 cum
619 4332 709 4380 nostro
724 4325 938 4393 coniungendam
960 4339 1018 4380 esse
1036 4339 1118 4392 supra
1136 4341 1196 4392 pag.
1207 4331 1265 4382 511.

93 4414 219 4485 exposui,
246 4421 353 4483 poetam
380 4429 492 4482 puemm
520 4421 640 4469 amatum
665 4414 766 4482 alloqui
793 4415 840 4471 sed
867 4413 950 4469 etiam
974 4421 1130 4481 sequentem
1149 4414 1264 4483 elegiam

92 4503 264 4561 simillimam
282 4519 354 4559 essse
371 4504 466 4574 elegiis
484 4503 547 4558 libri
565 4504 599 4559 Β.
1019 4572 1052 4630 3.
